<?xml version="1.0" encoding="UTF-8"?>
<!DOCTYPE html PUBLIC "-//W3C//DTD XHTML 1.0 Transitional//EN"
    "http://www.w3.org/TR/xhtml1/DTD/xhtml1-transitional.dtd">
<html xmlns="http://www.w3.org/1999/xhtml" xml:lang="en" lang="en">
 <head>
  <title>
</title>
<meta http-equiv="Content-Type" content="text/html;charset=utf-8" />
  <meta name='ocr-system' content='tesseract 3.04.00' />
  <meta name='ocr-capabilities' content='ocr_page ocr_carea ocr_par ocr_line ocrx_word'/>
</head>
<body>
  <div class='ocr_page' id='page_1' title='image "./fontesrerumsicu00boehgoog_0012.png"; bbox 0 0 3038 5056; ppageno 0'>
   <div class='ocr_carea' id='block_1_1' title="bbox 654 306 843 370">
    <p class='ocr_par' dir='ltr' id='par_1_1' title="bbox 654 306 843 370">
     <span class='ocr_line' id='line_1_1' title="bbox 654 306 843 370; baseline -0.005 -11"><span class='ocrx_word' id='word_1_1' title='bbox 654 306 843 370; x_wconf 66' lang='lat' dir='ltr'><strong>...i-</strong></span> 
     </span>
    </p>
   </div>
   <div class='ocr_carea' id='block_1_2' title="bbox 141 494 1364 1184">
    <p class='ocr_par' dir='ltr' id='par_1_2' title="bbox 142 494 1361 679">
     <span class='ocr_line' id='line_1_2' title="bbox 143 494 1361 579; baseline -0.008 -12"><span class='ocrx_word' id='word_1_2' title='bbox 143 505 264 575; x_wconf 70' lang='lat' dir='ltr'><strong>inissets</strong></span> <span class='ocrx_word' id='word_1_3' title='bbox 293 500 348 563; x_wconf 82' lang='lat' dir='ltr'><strong>ced</strong></span> <span class='ocrx_word' id='word_1_4' title='bbox 369 499 396 562; x_wconf 87' lang='lat' dir='ltr'><strong>si</strong></span> <span class='ocrx_word' id='word_1_5' title='bbox 415 495 607 579; x_wconf 70' lang='lat' dir='ltr'>Thucydides</span> <span class='ocrx_word' id='word_1_6' title='bbox 629 514 666 555; x_wconf 90' lang='lat' dir='ltr'><strong>eo</strong></span> <span class='ocrx_word' id='word_1_7' title='bbox 696 512 769 556; x_wconf 85' lang='lat' dir='ltr'><strong>usus</strong></span> <span class='ocrx_word' id='word_1_8' title='bbox 790 502 888 569; x_wconf 75' lang='lat' dir='ltr'><strong>esset,</strong></span> <span class='ocrx_word' id='word_1_9' title='bbox 918 495 1084 574; x_wconf 83' lang='lat' dir='ltr'><strong>digniorem</strong></span> <span class='ocrx_word' id='word_1_10' title='bbox 1113 494 1141 555; x_wconf 93' lang='lat' dir='ltr'><strong>ei</strong></span> <span class='ocrx_word' id='word_1_11' title='bbox 1171 494 1277 558; x_wconf 86' lang='lat' dir='ltr'><strong>ceteris</strong></span> <span class='ocrx_word' id='word_1_12' title='bbox 1298 499 1361 557; x_wconf 85' lang='lat' dir='ltr'><strong>An·</strong></span> 
     </span>
     <span class='ocr_line' id='line_1_3' title="bbox 142 602 804 679; baseline -0.017 -13"><span class='ocrx_word' id='word_1_13' title='bbox 142 606 273 666; x_wconf 78' lang='lat' dir='ltr'><strong>dochum</strong></span> <span class='ocrx_word' id='word_1_14' title='bbox 292 602 392 662; x_wconf 80' lang='lat' dir='ltr'><strong>risum</strong></span> <span class='ocrx_word' id='word_1_15' title='bbox 412 616 491 673; x_wconf 81' lang='lat' dir='ltr'><strong>esse,</strong></span> <span class='ocrx_word' id='word_1_16' title='bbox 513 615 600 679; x_wconf 86' lang='lat' dir='ltr'><strong>quem</strong></span> <span class='ocrx_word' id='word_1_17' title='bbox 621 605 804 676; x_wconf 76' lang='lat' dir='ltr'><strong>sequeretur.</strong></span> 
     </span>
    </p>

    <p class='ocr_par' dir='ltr' id='par_1_3' title="bbox 141 699 1364 1184">
     <span class='ocr_line' id='line_1_4' title="bbox 226 699 1361 779; baseline -0.007 -13"><span class='ocrx_word' id='word_1_18' title='bbox 226 702 290 766; x_wconf 78' lang='lat' dir='ltr'><strong>seu</strong></span> <span class='ocrx_word' id='word_1_19' title='bbox 316 701 471 761; x_wconf 79' lang='lat' dir='ltr'><strong>ueniamus</strong></span> <span class='ocrx_word' id='word_1_20' title='bbox 490 718 571 762; x_wconf 89' lang='lat' dir='ltr'><strong>nunc</strong></span> <span class='ocrx_word' id='word_1_21' title='bbox 591 699 631 758; x_wconf 86' lang='lat' dir='ltr'><strong>ed</strong></span> <span class='ocrx_word' id='word_1_22' title='bbox 658 717 727 759; x_wconf 89' lang='lat' dir='ltr'><strong>eam</strong></span> <span class='ocrx_word' id='word_1_23' title='bbox 755 700 961 779; x_wconf 65' lang='lat' dir='ltr'><strong>quaestionum</strong></span> <span class='ocrx_word' id='word_1_24' title='bbox 991 707 1122 776; x_wconf 86' lang='lat' dir='ltr'><strong>partem,</strong></span> <span class='ocrx_word' id='word_1_25' title='bbox 1153 719 1212 778; x_wconf 89' lang='lat' dir='ltr'><strong>qna</strong></span> <span class='ocrx_word' id='word_1_26' title='bbox 1239 701 1361 759; x_wconf 84' lang='lat' dir='ltr'><strong>Woelff-</strong></span> 
     </span>
     <span class='ocr_line' id='line_1_5' title="bbox 141 799 1362 878; baseline -0.004 -14"><span class='ocrx_word' id='word_1_27' title='bbox 141 806 224 867; x_wconf 89' lang='lat' dir='ltr'><strong>linns</strong></span> <span class='ocrx_word' id='word_1_28' title='bbox 245 819 288 862; x_wconf 80' lang='lat' dir='ltr'><strong>ex</strong></span> <span class='ocrx_word' id='word_1_29' title='bbox 308 799 499 863; x_wconf 70' lang='lat' dir='ltr'><strong>historiarum</strong></span> <span class='ocrx_word' id='word_1_30' title='bbox 520 799 663 861; x_wconf 80' lang='lat' dir='ltr'><strong>Antiochi</strong></span> <span class='ocrx_word' id='word_1_31' title='bbox 683 800 857 878; x_wconf 77' lang='lat' dir='ltr'><strong>fragmentis</strong></span> <span class='ocrx_word' id='word_1_32' title='bbox 880 800 1085 860; x_wconf 88' lang='lat' dir='ltr'><strong>demonstrare</strong></span> <span class='ocrx_word' id='word_1_33' title='bbox 1107 801 1224 862; x_wconf 88' lang='lat' dir='ltr'><strong>studeat</strong></span> <span class='ocrx_word' id='word_1_34' title='bbox 1244 801 1362 878; x_wconf 83' lang='lat' dir='ltr'><strong>Thucy·</strong></span> 
     </span>
     <span class='ocr_line' id='line_1_6' title="bbox 142 899 1363 982; baseline -0.002 -19"><span class='ocrx_word' id='word_1_35' title='bbox 142 906 245 964; x_wconf 86' lang='lat' dir='ltr'><strong>didem</strong></span> <span class='ocrx_word' id='word_1_36' title='bbox 264 905 304 965; x_wconf 77' lang='lat' dir='ltr'><strong>eh</strong></span> <span class='ocrx_word' id='word_1_37' title='bbox 324 903 378 964; x_wconf 86' lang='lat' dir='ltr'><strong>illo</strong></span> <span class='ocrx_word' id='word_1_38' title='bbox 398 903 538 979; x_wconf 89' lang='lat' dir='ltr'><strong>pendere.</strong></span> <span class='ocrx_word' id='word_1_39' title='bbox 583 899 718 982; x_wconf 81' lang='lat' dir='ltr'><strong>Cumque</strong></span> <span class='ocrx_word' id='word_1_40' title='bbox 739 900 822 978; x_wconf 88' lang='lat' dir='ltr'><strong>prius</strong></span> <span class='ocrx_word' id='word_1_41' title='bbox 843 901 925 960; x_wconf 87' lang='lat' dir='ltr'><strong>dicat</strong></span> <span class='ocrx_word' id='word_1_42' title='bbox 945 902 983 959; x_wconf 87' lang='lat' dir='ltr'><strong>de</strong></span> <span class='ocrx_word' id='word_1_43' title='bbox 1010 902 1080 961; x_wconf 87' lang='lat' dir='ltr'>libri</span> <span class='ocrx_word' id='word_1_44' title='bbox 1108 904 1187 962; x_wconf 86' lang='lat' dir='ltr'><strong>sexti</strong></span> <span class='ocrx_word' id='word_1_45' title='bbox 1216 903 1363 980; x_wconf 75' lang='lat' dir='ltr'><strong>capitibus</strong></span> 
     </span>
     <span class='ocr_line' id='line_1_7' title="bbox 145 1001 1364 1084; baseline -0.006 -16"><span class='ocrx_word' id='word_1_46' title='bbox 145 1007 241 1078; x_wconf 80' lang='lat'>2—5,</span> <span class='ocrx_word' id='word_1_47' title='bbox 264 1004 374 1082; x_wconf 91' lang='lat' dir='ltr'><strong>quippe</strong></span> <span class='ocrx_word' id='word_1_48' title='bbox 395 1021 473 1084; x_wconf 77' lang='lat' dir='ltr'><strong>quse</strong></span> <span class='ocrx_word' id='word_1_49' title='bbox 493 1002 625 1065; x_wconf 77' lang='lat' dir='ltr'><strong>manime</strong></span> <span class='ocrx_word' id='word_1_50' title='bbox 644 1001 813 1061; x_wconf 86' lang='lat' dir='ltr'><strong>Antiochea</strong></span> <span class='ocrx_word' id='word_1_51' title='bbox 833 1002 977 1075; x_wconf 87' lang='lat' dir='ltr'><strong>hcbeant,</strong></span> <span class='ocrx_word' id='word_1_52' title='bbox 1004 1010 1066 1060; x_wconf 89' lang='lat' dir='ltr'><strong>tum</strong></span> <span class='ocrx_word' id='word_1_53' title='bbox 1089 1003 1126 1061; x_wconf 89' lang='lat' dir='ltr'><strong>de</strong></span> <span class='ocrx_word' id='word_1_54' title='bbox 1146 1002 1223 1065; x_wconf 86' lang='lat' dir='ltr'><strong>locis</strong></span> <span class='ocrx_word' id='word_1_55' title='bbox 1245 1004 1364 1082; x_wconf 87' lang='lat' dir='ltr'><strong>quihus·</strong></span> 
     </span>
     <span class='ocr_line' id='line_1_8' title="bbox 144 1101 1162 1184; baseline -0.008 -15"><span class='ocrx_word' id='word_1_56' title='bbox 144 1107 216 1169; x_wconf 83' lang='lat' dir='ltr'><strong>dem</strong></span> <span class='ocrx_word' id='word_1_57' title='bbox 237 1104 306 1168; x_wconf 85' lang='lat' dir='ltr'><strong>libri</strong></span> <span class='ocrx_word' id='word_1_58' title='bbox 327 1101 373 1167; x_wconf 84' lang='lat'><strong>111</strong></span> <span class='ocrx_word' id='word_1_59' title='bbox 393 1110 426 1165; x_wconf 86' lang='lat' dir='ltr'><strong>et</strong></span> <span class='ocrx_word' id='word_1_60' title='bbox 446 1101 499 1176; x_wconf 80' lang='lat' dir='ltr'><strong>tv,</strong></span> <span class='ocrx_word' id='word_1_61' title='bbox 523 1119 580 1164; x_wconf 84' lang='lat' dir='ltr'><strong>nos</strong></span> <span class='ocrx_word' id='word_1_62' title='bbox 601 1118 720 1184; x_wconf 85' lang='lat' dir='ltr'><strong>quoque</strong></span> <span class='ocrx_word' id='word_1_63' title='bbox 740 1103 819 1164; x_wconf 88' lang='lat' dir='ltr'><strong>huuc</strong></span> <span class='ocrx_word' id='word_1_64' title='bbox 840 1102 975 1164; x_wconf 82' lang='lat' dir='ltr'><strong>ordinem</strong></span> <span class='ocrx_word' id='word_1_65' title='bbox 996 1120 1162 1183; x_wconf 86' lang='lat' dir='ltr'><strong>sequemur.</strong></span> 
     </span>
    </p>
   </div>
   <div class='ocr_carea' id='block_1_3' title="bbox 722 1314 789 1385">
    <p class='ocr_par' dir='ltr' id='par_1_4' title="bbox 722 1314 789 1385">
     <span class='ocr_line' id='line_1_9' title="bbox 722 1314 789 1385; baseline 0.045 -3"><span class='ocrx_word' id='word_1_66' title='bbox 722 1314 789 1385; x_wconf 90' lang='lat'>111.</span> 
     </span>
    </p>
   </div>
   <div class='ocr_carea' id='block_1_4' title="bbox 146 1465 1439 4344">
    <p class='ocr_par' dir='ltr' id='par_1_5' title="bbox 188 1465 1325 1669">
     <span class='ocr_line' id='line_1_10' title="bbox 188 1465 1325 1587; baseline -0.004 -29"><span class='ocrx_word' id='word_1_67' title='bbox 188 1471 286 1558; x_wconf 75' lang='lat' dir='ltr'><strong>dnae</strong></span> <span class='ocrx_word' id='word_1_68' title='bbox 313 1487 359 1553; x_wconf 82' lang='lat' dir='ltr'><strong>cx</strong></span> <span class='ocrx_word' id='word_1_69' title='bbox 383 1467 557 1555; x_wconf 76' lang='lat' dir='ltr'><strong>hnhcchl</strong></span> <span class='ocrx_word' id='word_1_70' title='bbox 582 1466 738 1551; x_wconf 79' lang='lat' dir='ltr'><strong>historia</strong></span> <span class='ocrx_word' id='word_1_71' title='bbox 762 1465 885 1587; x_wconf 76' lang='lat' dir='ltr'><strong>Sicula</strong></span> <span class='ocrx_word' id='word_1_72' title='bbox 910 1466 1134 1570; x_wconf 71' lang='lat' dir='ltr'><strong>Thucydides</strong></span> <span class='ocrx_word' id='word_1_73' title='bbox 1159 1470 1325 1554; x_wconf 81' lang='lat' dir='ltr'><strong>hauserit</strong></span> 
     </span>
     <span class='ocr_line' id='line_1_11' title="bbox 622 1584 889 1669; baseline 0.004 -3"><span class='ocrx_word' id='word_1_74' title='bbox 622 1584 889 1669; x_wconf 76' lang='lat' dir='ltr'><strong>examinantur.</strong></span> 
     </span>
    </p>

    <p class='ocr_par' dir='ltr' id='par_1_6' title="bbox 146 1724 1373 2722">
     <span class='ocr_line' id='line_1_12' title="bbox 231 1724 1369 1806; baseline 0.002 -18"><span class='ocrx_word' id='word_1_75' title='bbox 231 1728 321 1804; x_wconf 82' lang='lat' dir='ltr'><strong>Quod</strong></span> <span class='ocrx_word' id='word_1_76' title='bbox 341 1728 532 1805; x_wconf 78' lang='lat' dir='ltr'><strong>Thucydides</strong></span> <span class='ocrx_word' id='word_1_77' title='bbox 561 1726 596 1784; x_wconf 87' lang='lat' dir='ltr'><strong>in</strong></span> <span class='ocrx_word' id='word_1_78' title='bbox 620 1724 748 1786; x_wconf 84' lang='lat' dir='ltr'><strong>historie</strong></span> <span class='ocrx_word' id='word_1_79' title='bbox 765 1743 828 1803; x_wconf 50' lang='lat' dir='ltr'><strong>¹sus</strong></span> <span class='ocrx_word' id='word_1_80' title='bbox 854 1725 1003 1785; x_wconf 91' lang='lat' dir='ltr'><strong>neminem</strong></span> <span class='ocrx_word' id='word_1_81' title='bbox 1031 1728 1163 1804; x_wconf 88' lang='lat' dir='ltr'><strong>priorum</strong></span> <span class='ocrx_word' id='word_1_82' title='bbox 1192 1731 1369 1806; x_wconf 88' lang='lat' dir='ltr'><strong>scriptorum</strong></span> 
     </span>
     <span class='ocr_line' id='line_1_13' title="bbox 148 1824 1370 1906; baseline -0.002 -14"><span class='ocrx_word' id='word_1_83' title='bbox 148 1830 208 1892; x_wconf 86' lang='lat' dir='ltr'><strong>nisi</strong></span> <span class='ocrx_word' id='word_1_84' title='bbox 228 1826 391 1889; x_wconf 81' lang='lat' dir='ltr'><strong>Homerum</strong></span> <span class='ocrx_word' id='word_1_85' title='bbox 411 1827 534 1887; x_wconf 90' lang='lat' dir='ltr'><strong>nomine</strong></span> <span class='ocrx_word' id='word_1_86' title='bbox 556 1824 699 1904; x_wconf 79' lang='lat' dir='ltr'><strong>appellet,</strong></span> <span class='ocrx_word' id='word_1_87' title='bbox 720 1842 782 1885; x_wconf 91' lang='lat' dir='ltr'><strong>non</strong></span> <span class='ocrx_word' id='word_1_88' title='bbox 795 1844 852 1903; x_wconf 90' lang='lat' dir='ltr'><strong>pro</strong></span> <span class='ocrx_word' id='word_1_89' title='bbox 868 1835 1042 1904; x_wconf 81' lang='lat' dir='ltr'><strong>argumento</strong></span> <span class='ocrx_word' id='word_1_90' title='bbox 1056 1829 1099 1887; x_wconf 91' lang='lat' dir='ltr'><strong>uti</strong></span> <span class='ocrx_word' id='word_1_91' title='bbox 1116 1848 1286 1906; x_wconf 80' lang='lat' dir='ltr'><strong>possumus,</strong></span> <span class='ocrx_word' id='word_1_92' title='bbox 1308 1851 1370 1891; x_wconf 94' lang='lat' dir='ltr'><strong>non</strong></span> 
     </span>
     <span class='ocr_line' id='line_1_14' title="bbox 146 1925 1370 2009; baseline -0.002 -18"><span class='ocrx_word' id='word_1_93' title='bbox 146 1951 216 1991; x_wconf 86' lang='lat' dir='ltr'><strong>eum</strong></span> <span class='ocrx_word' id='word_1_94' title='bbox 237 1947 416 2009; x_wconf 78' lang='lat' dir='ltr'><strong>quemquem</strong></span> <span class='ocrx_word' id='word_1_95' title='bbox 437 1947 541 1991; x_wconf 85' lang='lat' dir='ltr'><strong>eorum</strong></span> <span class='ocrx_word' id='word_1_96' title='bbox 562 1925 758 2000; x_wconf 86' lang='lat' dir='ltr'><strong>consuluisse,</strong></span> <span class='ocrx_word' id='word_1_97' title='bbox 782 1927 838 1988; x_wconf 86' lang='lat' dir='ltr'><strong>etsi</strong></span> <span class='ocrx_word' id='word_1_98' title='bbox 858 1927 883 2000; x_wconf 87' lang='lat'><strong>1,</strong></span> <span class='ocrx_word' id='word_1_99' title='bbox 906 1928 958 2001; x_wconf 82' lang='lat'><strong>97,</strong></span> <span class='ocrx_word' id='word_1_100' title='bbox 981 1929 999 1986; x_wconf 76' lang='lat'><strong>2</strong></span> <span class='ocrx_word' id='word_1_101' title='bbox 1023 1929 1143 1988; x_wconf 81' lang='lat' dir='ltr'><strong>affertur</strong></span> <span class='ocrx_word' id='word_1_102' title='bbox 1164 1930 1253 1989; x_wconf 86' lang='lat' dir='ltr'><strong>etiam</strong></span> <span class='ocrx_word' id='word_1_103' title='bbox 1266 1930 1370 1989; x_wconf 86' lang='lat' dir='ltr'><strong>Hella-</strong></span> 
     </span>
     <span class='ocr_line' id='line_1_15' title="bbox 147 2028 1371 2109; baseline -0.003 -16"><span class='ocrx_word' id='word_1_104' title='bbox 147 2034 242 2093; x_wconf 85' lang='lat' dir='ltr'><strong>nicus.</strong></span> <span class='ocrx_word' id='word_1_105' title='bbox 297 2029 361 2093; x_wconf 84' lang='lat' dir='ltr'><strong>Sed</strong></span> <span class='ocrx_word' id='word_1_106' title='bbox 392 2048 460 2090; x_wconf 85' lang='lat' dir='ltr'><strong>cnm</strong></span> <span class='ocrx_word' id='word_1_107' title='bbox 490 2028 667 2106; x_wconf 84' lang='lat' dir='ltr'><strong>saepissime</strong></span> <span class='ocrx_word' id='word_1_108' title='bbox 697 2029 788 2088; x_wconf 89' lang='lat' dir='ltr'><strong>rebus</strong></span> <span class='ocrx_word' id='word_1_109' title='bbox 821 2029 998 2108; x_wconf 87' lang='lat' dir='ltr'><strong>quibusdam</strong></span> <span class='ocrx_word' id='word_1_110' title='bbox 1038 2031 1216 2109; x_wconf 79' lang='lat' dir='ltr'><strong>adjungatur</strong></span> <span class='ocrx_word' id='word_1_111' title='bbox 1248 2032 1371 2091; x_wconf 88' lang='lat' dir='ltr'><strong>verbum</strong></span> 
     </span>
     <span class='ocr_line' id='line_1_16' title="bbox 146 2129 1371 2214; baseline -0.004 -20"><span class='ocrx_word' id='word_1_112' title='bbox 146 2131 306 2214; x_wconf 71' lang='grc' dir='ltr'><strong>λέγεσθαι</strong></span> <span class='ocrx_word' id='word_1_113' title='bbox 327 2139 378 2190; x_wconf 84' lang='lat' dir='ltr'><strong>ent</strong></span> <span class='ocrx_word' id='word_1_114' title='bbox 399 2131 601 2214; x_wconf 76' lang='grc' dir='ltr'><strong><em>φαίνεσθαι,</em></strong></span> <span class='ocrx_word' id='word_1_115' title='bbox 628 2130 712 2207; x_wconf 89' lang='lat' dir='ltr'><strong>prius</strong></span> <span class='ocrx_word' id='word_1_116' title='bbox 733 2129 921 2189; x_wconf 87' lang='lat' dir='ltr'><strong>Woeliilinus</strong></span> <span class='ocrx_word' id='word_1_117' title='bbox 951 2131 1046 2190; x_wconf 88' lang='lat' dir='ltr'><strong>credit</strong></span> <span class='ocrx_word' id='word_1_118' title='bbox 1073 2140 1211 2208; x_wconf 88' lang='lat' dir='ltr'><strong>spectare</strong></span> <span class='ocrx_word' id='word_1_119' title='bbox 1240 2134 1280 2191; x_wconf 89' lang='lat' dir='ltr'><strong>ad</strong></span> <span class='ocrx_word' id='word_1_120' title='bbox 1309 2149 1371 2202; x_wconf 88' lang='lat' dir='ltr'><strong>ess,</strong></span> 
     </span>
     <span class='ocr_line' id='line_1_17' title="bbox 148 2229 1372 2312; baseline -0.002 -19"><span class='ocrx_word' id='word_1_121' title='bbox 148 2253 227 2312; x_wconf 87' lang='lat' dir='ltr'><strong>quae</strong></span> <span class='ocrx_word' id='word_1_122' title='bbox 248 2233 298 2293; x_wconf 90' lang='lat' dir='ltr'><strong>vel</strong></span> <span class='ocrx_word' id='word_1_123' title='bbox 319 2233 358 2292; x_wconf 89' lang='lat' dir='ltr'><strong>ah</strong></span> <span class='ocrx_word' id='word_1_124' title='bbox 380 2231 556 2311; x_wconf 68' lang='lat' dir='ltr'><strong>aequalibus</strong></span> <span class='ocrx_word' id='word_1_125' title='bbox 571 2229 621 2289; x_wconf 83' lang='lat' dir='ltr'><strong>vel</strong></span> <span class='ocrx_word' id='word_1_126' title='bbox 642 2230 680 2290; x_wconf 83' lang='lat' dir='ltr'><strong>eb</strong></span> <span class='ocrx_word' id='word_1_127' title='bbox 695 2229 829 2290; x_wconf 85' lang='lat' dir='ltr'><strong>Homero</strong></span> <span class='ocrx_word' id='word_1_128' title='bbox 848 2239 1005 2290; x_wconf 79' lang='lat' dir='ltr'><strong>narrentur</strong></span> <span class='ocrx_word' id='word_1_129' title='bbox 1027 2249 1160 2309; x_wconf 87' lang='lat' dir='ltr'><strong>quasque</strong></span> <span class='ocrx_word' id='word_1_130' title='bbox 1174 2233 1240 2308; x_wconf 87' lang='lat' dir='ltr'><strong>ipsc</strong></span> <span class='ocrx_word' id='word_1_131' title='bbox 1253 2233 1372 2309; x_wconf 82' lang='lat' dir='ltr'><strong>Thucy·</strong></span> 
     </span>
     <span class='ocr_line' id='line_1_18' title="bbox 149 2331 1373 2411; baseline -0.003 -18"><span class='ocrx_word' id='word_1_132' title='bbox 149 2335 236 2394; x_wconf 88' lang='lat' dir='ltr'><strong>dides</strong></span> <span class='ocrx_word' id='word_1_133' title='bbox 259 2332 424 2406; x_wconf 83' lang='lat' dir='ltr'><strong>audiverit,</strong></span> <span class='ocrx_word' id='word_1_134' title='bbox 454 2331 579 2391; x_wconf 83' lang='lat' dir='ltr'><strong>alterum</strong></span> <span class='ocrx_word' id='word_1_135' title='bbox 601 2331 641 2390; x_wconf 86' lang='lat' dir='ltr'><strong>ed</strong></span> <span class='ocrx_word' id='word_1_136' title='bbox 662 2349 732 2404; x_wconf 89' lang='lat' dir='ltr'><strong>eas,</strong></span> <span class='ocrx_word' id='word_1_137' title='bbox 763 2349 837 2410; x_wconf 88' lang='lat' dir='ltr'><strong>quas</strong></span> <span class='ocrx_word' id='word_1_138' title='bbox 859 2333 940 2410; x_wconf 89' lang='lat' dir='ltr'><strong>apud</strong></span> <span class='ocrx_word' id='word_1_139' title='bbox 969 2332 1045 2393; x_wconf 86' lang='lat' dir='ltr'><strong>alios</strong></span> <span class='ocrx_word' id='word_1_140' title='bbox 1073 2332 1189 2411; x_wconf 83' lang='lat' dir='ltr'><strong>legerit</strong></span> <span class='ocrx_word' id='word_1_141' title='bbox 1238 2332 1373 2392; x_wconf 81' lang='lat' dir='ltr'><strong>Consen-</strong></span> 
     </span>
     <span class='ocr_line' id='line_1_19' title="bbox 149 2433 1373 2511; baseline -0.007 -13"><span class='ocrx_word' id='word_1_142' title='bbox 149 2444 270 2498; x_wconf 76' lang='lat' dir='ltr'><strong>tansum</strong></span> <span class='ocrx_word' id='word_1_143' title='bbox 292 2433 391 2494; x_wconf 90' lang='lat' dir='ltr'><strong>estid</strong></span> <span class='ocrx_word' id='word_1_144' title='bbox 412 2453 474 2492; x_wconf 92' lang='lat' dir='ltr'><strong>non</strong></span> <span class='ocrx_word' id='word_1_145' title='bbox 497 2434 534 2492; x_wconf 89' lang='lat' dir='ltr'><strong>ab</strong></span> <span class='ocrx_word' id='word_1_146' title='bbox 566 2433 703 2494; x_wconf 88' lang='lat' dir='ltr'><strong>omnibus</strong></span> <span class='ocrx_word' id='word_1_147' title='bbox 731 2433 837 2492; x_wconf 90' lang='lat' dir='ltr'><strong>horum</strong></span> <span class='ocrx_word' id='word_1_148' title='bbox 864 2433 1023 2492; x_wconf 82' lang='lat' dir='ltr'><strong>verborum</strong></span> <span class='ocrx_word' id='word_1_149' title='bbox 1050 2435 1153 2494; x_wconf 86' lang='lat' dir='ltr'><strong>formis</strong></span> <span class='ocrx_word' id='word_1_150' title='bbox 1183 2451 1274 2511; x_wconf 87' lang='lat' dir='ltr'><strong>posse</strong></span> <span class='ocrx_word' id='word_1_151' title='bbox 1304 2434 1373 2505; x_wconf 87' lang='lat' dir='ltr'><strong>dici,</strong></span> 
     </span>
     <span class='ocr_line' id='line_1_20' title="bbox 150 2531 1373 2624; baseline 0 -29"><span class='ocrx_word' id='word_1_152' title='bbox 150 2536 210 2599; x_wconf 88' lang='lat' dir='ltr'><strong>nisi</strong></span> <span class='ocrx_word' id='word_1_153' title='bbox 232 2556 251 2595; x_wconf 84' lang='lat' dir='ltr'><strong>s</strong></span> <span class='ocrx_word' id='word_1_154' title='bbox 270 2533 394 2622; x_wconf 73' lang='grc' dir='ltr'><strong><em>λέγεται</em></strong></span> <span class='ocrx_word' id='word_1_155' title='bbox 415 2541 446 2598; x_wconf 83' lang='lat' dir='ltr'><strong>et</strong></span> <span class='ocrx_word' id='word_1_156' title='bbox 464 2531 622 2620; x_wconf 65' lang='grc' dir='ltr'><strong><em>λέγονται,</em></strong></span> <span class='ocrx_word' id='word_1_157' title='bbox 644 2536 796 2624; x_wconf 68' lang='grc' dir='ltr'><strong>φαίνεται</strong></span> <span class='ocrx_word' id='word_1_158' title='bbox 817 2542 847 2594; x_wconf 89' lang='lat' dir='ltr'><strong>et</strong></span> <span class='ocrx_word' id='word_1_159' title='bbox 861 2537 1043 2618; x_wconf 75' lang='grc' dir='ltr'><strong><em>φαίνονται.</em></strong></span> <span class='ocrx_word' id='word_1_160' title='bbox 1082 2533 1144 2598; x_wconf 85' lang='lat' dir='ltr'><strong>Sed</strong></span> <span class='ocrx_word' id='word_1_161' title='bbox 1166 2554 1224 2614; x_wconf 83' lang='lat' dir='ltr'><strong>ege</strong></span> <span class='ocrx_word' id='word_1_162' title='bbox 1246 2536 1373 2613; x_wconf 88' lang='lat' dir='ltr'><strong>emplius</strong></span> 
     </span>
     <span class='ocr_line' id='line_1_21' title="bbox 149 2655 338 2722; baseline -0.011 -25"><span class='ocrx_word' id='word_1_163' title='bbox 149 2655 338 2722; x_wconf 88' lang='lat' dir='ltr'><strong>quaeramus.</strong></span> 
     </span>
    </p>

    <p class='ocr_par' dir='ltr' id='par_1_7' title="bbox 151 2731 1439 4344">
     <span class='ocr_line' id='line_1_22' title="bbox 235 2731 1439 2826; baseline -0.002 -28"><span class='ocrx_word' id='word_1_164' title='bbox 235 2741 273 2818; x_wconf 76' lang='lat' dir='ltr'><strong>a)</strong></span> <span class='ocrx_word' id='word_1_165' title='bbox 295 2739 427 2799; x_wconf 87' lang='lat' dir='ltr'><strong>Verbum</strong></span> <span class='ocrx_word' id='word_1_166' title='bbox 446 2735 569 2826; x_wconf 50' lang='lat' dir='ltr'><strong>merus</strong></span> <span class='ocrx_word' id='word_1_167' title='bbox 595 2740 660 2813; x_wconf 83' lang='lat' dir='ltr'><strong>jam</strong></span> <span class='ocrx_word' id='word_1_168' title='bbox 684 2737 838 2797; x_wconf 86' lang='lat' dir='ltr'><strong>Bentleius</strong></span> <span class='ocrx_word' id='word_1_169' title='bbox 867 2738 1020 2797; x_wconf 86' lang='lat' dir='ltr'><strong>contendit</strong></span> <span class='ocrx_word' id='word_1_170' title='bbox 1044 2741 1082 2797; x_wconf 85' lang='lat' dir='ltr'><strong>sb</strong></span> <span class='ocrx_word' id='word_1_171' title='bbox 1111 2739 1262 2797; x_wconf 81' lang='lat' dir='ltr'><strong>historicis</strong></span> <span class='ocrx_word' id='word_1_172' title='bbox 1291 2757 1375 2798; x_wconf 86' lang='lat' dir='ltr'><strong>usur·</strong></span> <span class='ocrx_word' id='word_1_173' title='bbox 1437 2731 1439 2735; x_wconf 72' lang='grc'><strong>’</strong></span> 
     </span>
     <span class='ocr_line' id='line_1_23' title="bbox 152 2838 1374 2922; baseline -0.001 -23"><span class='ocrx_word' id='word_1_174' title='bbox 152 2849 362 2922; x_wconf 74' lang='lat' dir='ltr'><strong>palumento,</strong></span> <span class='ocrx_word' id='word_1_175' title='bbox 393 2859 455 2898; x_wconf 90' lang='lat' dir='ltr'><strong>non</strong></span> <span class='ocrx_word' id='word_1_176' title='bbox 476 2840 528 2902; x_wconf 87' lang='lat' dir='ltr'><strong>uhi</strong></span> <span class='ocrx_word' id='word_1_177' title='bbox 556 2846 648 2899; x_wconf 90' lang='lat' dir='ltr'><strong>testes</strong></span> <span class='ocrx_word' id='word_1_178' title='bbox 675 2838 822 2899; x_wconf 81' lang='lat' dir='ltr'><strong>defuerint</strong></span> <span class='ocrx_word' id='word_1_179' title='bbox 846 2838 966 2912; x_wconf 85' lang='lat' dir='ltr'><strong>idonei,</strong></span> <span class='ocrx_word' id='word_1_180' title='bbox 997 2840 1050 2899; x_wconf 88' lang='lat' dir='ltr'><strong>sed</strong></span> <span class='ocrx_word' id='word_1_181' title='bbox 1080 2841 1230 2899; x_wconf 85' lang='lat' dir='ltr'><strong>contraria</strong></span> <span class='ocrx_word' id='word_1_182' title='bbox 1257 2840 1374 2911; x_wconf 82' lang='lat' dir='ltr'><strong>virtute,</strong></span> 
     </span>
     <span class='ocr_line' id='line_1_24' title="bbox 151 2939 1376 3018; baseline -0.002 -17"><span class='ocrx_word' id='word_1_183' title='bbox 151 2961 221 3001; x_wconf 90' lang='lat' dir='ltr'><strong>cum</strong></span> <span class='ocrx_word' id='word_1_184' title='bbox 240 2942 319 3000; x_wconf 90' lang='lat' dir='ltr'><strong>inter</strong></span> <span class='ocrx_word' id='word_1_185' title='bbox 338 2940 502 3017; x_wconf 84' lang='lat' dir='ltr'><strong>scriptores</strong></span> <span class='ocrx_word' id='word_1_186' title='bbox 525 2939 729 3001; x_wconf 75' lang='lat' dir='ltr'><strong>convenerit*.</strong></span> <span class='ocrx_word' id='word_1_187' title='bbox 775 2939 965 3000; x_wconf 82' lang='lat' dir='ltr'><strong>Woelfflinus</strong></span> <span class='ocrx_word' id='word_1_188' title='bbox 988 2949 1109 3013; x_wconf 86' lang='lat' dir='ltr'><strong>contra,</strong></span> <span class='ocrx_word' id='word_1_189' title='bbox 1141 2959 1228 3017; x_wconf 90' lang='lat' dir='ltr'><strong>quern</strong></span> <span class='ocrx_word' id='word_1_190' title='bbox 1257 2941 1376 3018; x_wconf 89' lang='lat' dir='ltr'><strong>quidem</strong></span> 
     </span>
     <span class='ocr_line' id='line_1_25' title="bbox 152 3039 1376 3121; baseline -0.005 -15"><span class='ocrx_word' id='word_1_191' title='bbox 152 3045 229 3106; x_wconf 79' lang='lat' dir='ltr'><strong>haec</strong></span> <span class='ocrx_word' id='word_1_192' title='bbox 250 3041 369 3106; x_wconf 87' lang='lat' dir='ltr'><strong>Bentlei</strong></span> <span class='ocrx_word' id='word_1_193' title='bbox 389 3041 500 3120; x_wconf 85' lang='lat' dir='ltr'><strong>legisse</strong></span> <span class='ocrx_word' id='word_1_194' title='bbox 522 3059 699 3118; x_wconf 79' lang='lat' dir='ltr'><strong>persuasum</strong></span> <span class='ocrx_word' id='word_1_195' title='bbox 719 3040 792 3106; x_wconf 86' lang='lat' dir='ltr'><strong>mihi</strong></span> <span class='ocrx_word' id='word_1_196' title='bbox 814 3049 870 3114; x_wconf 89' lang='lat' dir='ltr'><strong>est,</strong></span> <span class='ocrx_word' id='word_1_197' title='bbox 891 3039 1014 3121; x_wconf 55' lang='lat' dir='ltr'><strong>mesae</strong></span> <span class='ocrx_word' id='word_1_198' title='bbox 1036 3043 1140 3101; x_wconf 86' lang='lat' dir='ltr'><strong>referri</strong></span> <span class='ocrx_word' id='word_1_199' title='bbox 1163 3043 1236 3101; x_wconf 90' lang='lat' dir='ltr'><strong>dicit</strong></span> <span class='ocrx_word' id='word_1_200' title='bbox 1259 3043 1299 3100; x_wconf 89' lang='lat' dir='ltr'><strong>ad</strong></span> <span class='ocrx_word' id='word_1_201' title='bbox 1313 3042 1376 3100; x_wconf 91' lang='lat' dir='ltr'><strong>Ho-</strong></span> 
     </span>
     <span class='ocr_line' id='line_1_26' title="bbox 154 3141 1379 3224; baseline -0.002 -22"><span class='ocrx_word' id='word_1_202' title='bbox 154 3163 268 3203; x_wconf 88' lang='lat' dir='ltr'><strong>merum</strong></span> <span class='ocrx_word' id='word_1_203' title='bbox 289 3158 411 3224; x_wconf 86' lang='lat' dir='ltr'><strong>eosque‚</strong></span> <span class='ocrx_word' id='word_1_204' title='bbox 434 3143 484 3219; x_wconf 91' lang='lat' dir='ltr'><strong>qui</strong></span> <span class='ocrx_word' id='word_1_205' title='bbox 506 3143 566 3203; x_wconf 88' lang='lat' dir='ltr'><strong>sint</strong></span> <span class='ocrx_word' id='word_1_206' title='bbox 586 3142 720 3203; x_wconf 87' lang='lat' dir='ltr'><strong>Homero</strong></span> <span class='ocrx_word' id='word_1_207' title='bbox 743 3141 855 3202; x_wconf 85' lang='lat' dir='ltr'><strong>similes</strong></span> <span class='ocrx_word' id='word_1_208' title='bbox 876 3160 907 3218; x_wconf 92' lang='lat' dir='ltr'><strong>p.</strong></span> <span class='ocrx_word' id='word_1_209' title='bbox 925 3143 960 3214; x_wconf 81' lang='lat'><strong>33</strong></span> <span class='ocrx_word' id='word_1_210' title='bbox 989 3143 1069 3219; x_wconf 89' lang='lat' dir='ltr'><strong>quod</strong></span> <span class='ocrx_word' id='word_1_211' title='bbox 1091 3144 1210 3220; x_wconf 90' lang='lat' dir='ltr'><strong>quidem</strong></span> <span class='ocrx_word' id='word_1_212' title='bbox 1231 3145 1311 3202; x_wconf 90' lang='lat' dir='ltr'><strong>idem</strong></span> <span class='ocrx_word' id='word_1_213' title='bbox 1333 3151 1379 3202; x_wconf 88' lang='lat' dir='ltr'><strong>est</strong></span> 
     </span>
     <span class='ocr_line' id='line_1_27' title="bbox 154 3241 1377 3330; baseline -0.003 -24"><span class='ocrx_word' id='word_1_214' title='bbox 154 3265 193 3307; x_wconf 48' lang='lat' dir='ltr'><strong>¹ec</strong></span> <span class='ocrx_word' id='word_1_215' title='bbox 213 3243 318 3302; x_wconf 84' lang='lat' dir='ltr'><strong>referri</strong></span> <span class='ocrx_word' id='word_1_216' title='bbox 337 3241 462 3330; x_wconf 70' lang='lat' dir='ltr'><strong>ityreos</strong></span> <span class='ocrx_word' id='word_1_217' title='bbox 483 3244 522 3301; x_wconf 88' lang='lat' dir='ltr'><strong>ad</strong></span> <span class='ocrx_word' id='word_1_218' title='bbox 543 3243 696 3306; x_wconf 88' lang='lat' dir='ltr'><strong>hominnm</strong></span> <span class='ocrx_word' id='word_1_219' title='bbox 717 3261 881 3302; x_wconf 86' lang='lat' dir='ltr'><strong>sermones.</strong></span> <span class='ocrx_word' id='word_1_220' title='bbox 924 3242 1126 3305; x_wconf 88' lang='lat' dir='ltr'><strong>Nihilominus</strong></span> <span class='ocrx_word' id='word_1_221' title='bbox 1148 3254 1246 3305; x_wconf 85' lang='lat' dir='ltr'><strong>tamen</strong></span> <span class='ocrx_word' id='word_1_222' title='bbox 1270 3247 1309 3304; x_wconf 86' lang='lat' dir='ltr'><strong>ad</strong></span> <span class='ocrx_word' id='word_1_223' title='bbox 1331 3264 1377 3316; x_wconf 88' lang='lat' dir='ltr'><strong>ee,</strong></span> 
     </span>
     <span class='ocr_line' id='line_1_28' title="bbox 152 3342 1373 3433; baseline 0.002 -28"><span class='ocrx_word' id='word_1_224' title='bbox 152 3365 232 3424; x_wconf 88' lang='lat' dir='ltr'><strong>quae</strong></span> <span class='ocrx_word' id='word_1_225' title='bbox 246 3344 437 3421; x_wconf 87' lang='lat' dir='ltr'><strong>Thucydides</strong></span> <span class='ocrx_word' id='word_1_226' title='bbox 452 3345 543 3408; x_wconf 85' lang='lat' dir='ltr'><strong>tradit</strong></span> <span class='ocrx_word' id='word_1_227' title='bbox 556 3345 611 3417; x_wconf 77' lang='grc' dir='ltr'>ΙΙΙ,</span> <span class='ocrx_word' id='word_1_228' title='bbox 628 3345 698 3418; x_wconf 79' lang='grc'>116,</span> <span class='ocrx_word' id='word_1_229' title='bbox 722 3344 758 3404; x_wconf 76' lang='lat'><strong>2:</strong></span> <span class='ocrx_word' id='word_1_230' title='bbox 779 3342 901 3428; x_wconf 73' lang='grc' dir='ltr'><strong><em>λέγεται</em></strong></span> <span class='ocrx_word' id='word_1_231' title='bbox 923 3345 961 3408; x_wconf 77' lang='grc' dir='ltr'><strong>δὲ</strong></span> <span class='ocrx_word' id='word_1_232' title='bbox 980 3344 1095 3432; x_wconf 76' lang='grc' dir='ltr'><strong><em>ῥυῆναι</em></strong></span> <span class='ocrx_word' id='word_1_233' title='bbox 1110 3347 1179 3422; x_wconf 82' lang='grc' dir='ltr'><strong>(τὸν</strong></span> <span class='ocrx_word' id='word_1_234' title='bbox 1193 3346 1248 3433; x_wconf 66' lang='grc' dir='ltr'><strong>τῆς</strong></span> <span class='ocrx_word' id='word_1_235' title='bbox 1262 3343 1373 3429; x_wconf 77' lang='grc' dir='ltr'><strong><em>Αἴτνης</em></strong></span> 
     </span>
     <span class='ocr_line' id='line_1_29' title="bbox 155 3443 1378 3529; baseline -0.001 -22"><span class='ocrx_word' id='word_1_236' title='bbox 155 3446 276 3527; x_wconf 74' lang='grc' dir='ltr'>ῥύακα)</span> <span class='ocrx_word' id='word_1_237' title='bbox 299 3452 380 3508; x_wconf 86' lang='lat' dir='ltr'><strong>recte</strong></span> <span class='ocrx_word' id='word_1_238' title='bbox 402 3443 560 3524; x_wconf 84' lang='lat' dir='ltr'><strong>Krnegero</strong></span> <span class='ocrx_word' id='word_1_239' title='bbox 583 3444 679 3505; x_wconf 87' lang='lat' dir='ltr'><strong>videri</strong></span> <span class='ocrx_word' id='word_1_240' title='bbox 701 3446 773 3508; x_wconf 87' lang='lat' dir='ltr'><strong>dicit</strong></span> <span class='ocrx_word' id='word_1_241' title='bbox 793 3448 916 3508; x_wconf 86' lang='lat' dir='ltr'><strong>verbum</strong></span> <span class='ocrx_word' id='word_1_242' title='bbox 929 3444 1053 3529; x_wconf 53' lang='grc' dir='ltr'><strong>λεγεται</strong></span> <span class='ocrx_word' id='word_1_243' title='bbox 1074 3449 1170 3509; x_wconf 87' lang='lat' dir='ltr'><strong>solum</strong></span> <span class='ocrx_word' id='word_1_244' title='bbox 1184 3449 1296 3510; x_wconf 85' lang='lat' dir='ltr'><strong>iontem</strong></span> <span class='ocrx_word' id='word_1_245' title='bbox 1310 3467 1378 3507; x_wconf 90' lang='lat' dir='ltr'><strong>nar·</strong></span> 
     </span>
     <span class='ocr_line' id='line_1_30' title="bbox 158 3547 1380 3630; baseline 0.002 -24"><span class='ocrx_word' id='word_1_246' title='bbox 158 3548 295 3621; x_wconf 73' lang='lat' dir='ltr'><strong>rationis,</strong></span> <span class='ocrx_word' id='word_1_247' title='bbox 317 3567 379 3611; x_wconf 87' lang='lat' dir='ltr'><strong>non</strong></span> <span class='ocrx_word' id='word_1_248' title='bbox 399 3547 544 3611; x_wconf 83' lang='lat' dir='ltr'><strong>incertam</strong></span> <span class='ocrx_word' id='word_1_249' title='bbox 565 3567 634 3613; x_wconf 80' lang='lat' dir='ltr'><strong>eam</strong></span> <span class='ocrx_word' id='word_1_250' title='bbox 656 3565 724 3609; x_wconf 89' lang='lat' dir='ltr'><strong>csse</strong></span> <span class='ocrx_word' id='word_1_251' title='bbox 744 3548 927 3610; x_wconf 75' lang='lat' dir='ltr'><strong>indicare”.</strong></span> <span class='ocrx_word' id='word_1_252' title='bbox 972 3549 1070 3624; x_wconf 80' lang='lat' dir='ltr'><strong>Quam</strong></span> <span class='ocrx_word' id='word_1_253' title='bbox 1092 3550 1210 3630; x_wconf 88' lang='lat' dir='ltr'><strong>quidem</strong></span> <span class='ocrx_word' id='word_1_254' title='bbox 1230 3550 1380 3628; x_wconf 86' lang='lat' dir='ltr'><strong>Kruegeri</strong></span> 
     </span>
     <span class='ocr_line' id='line_1_31' title="bbox 160 3649 1380 3730; baseline 0.003 -23"><span class='ocrx_word' id='word_1_255' title='bbox 160 3649 333 3726; x_wconf 91' lang='lat' dir='ltr'><strong>opinionem</strong></span> <span class='ocrx_word' id='word_1_256' title='bbox 353 3666 457 3711; x_wconf 84' lang='lat' dir='ltr'><strong>veram</strong></span> <span class='ocrx_word' id='word_1_257' title='bbox 485 3667 555 3710; x_wconf 87' lang='lat' dir='ltr'><strong>esse</strong></span> <span class='ocrx_word' id='word_1_258' title='bbox 584 3650 641 3711; x_wconf 86' lang='lat' dir='ltr'><strong>etsi</strong></span> <span class='ocrx_word' id='word_1_259' title='bbox 669 3670 728 3730; x_wconf 82' lang='lat' dir='ltr'><strong>ego</strong></span> <span class='ocrx_word' id='word_1_260' title='bbox 758 3651 877 3729; x_wconf 88' lang='lat' dir='ltr'><strong>quidem</strong></span> <span class='ocrx_word' id='word_1_261' title='bbox 904 3650 1058 3730; x_wconf 85' lang='lat' dir='ltr'><strong>intelligo,</strong></span> <span class='ocrx_word' id='word_1_262' title='bbox 1087 3660 1187 3710; x_wconf 91' lang='lat' dir='ltr'><strong>temen</strong></span> <span class='ocrx_word' id='word_1_263' title='bbox 1214 3652 1320 3711; x_wconf 90' lang='lat' dir='ltr'><strong>mirum</strong></span> <span class='ocrx_word' id='word_1_264' title='bbox 1348 3653 1380 3713; x_wconf 92' lang='lat' dir='ltr'><strong>in</strong></span> 
     </span>
     <span class='ocr_line' id='line_1_32' title="bbox 157 3749 1379 3833; baseline 0.004 -25"><span class='ocrx_word' id='word_1_265' title='bbox 157 3749 280 3816; x_wconf 86' lang='lat' dir='ltr'><strong>modum</strong></span> <span class='ocrx_word' id='word_1_266' title='bbox 300 3749 472 3809; x_wconf 85' lang='lat' dir='ltr'><strong>Woelfflino</strong></span> <span class='ocrx_word' id='word_1_267' title='bbox 495 3771 613 3833; x_wconf 86' lang='lat' dir='ltr'><strong>quoque</strong></span> <span class='ocrx_word' id='word_1_268' title='bbox 634 3771 782 3830; x_wconf 84' lang='lat' dir='ltr'><strong>apparere</strong></span> <span class='ocrx_word' id='word_1_269' title='bbox 802 3754 930 3826; x_wconf 82' lang='lat' dir='ltr'><strong>ridetur,</strong></span> <span class='ocrx_word' id='word_1_270' title='bbox 953 3753 1089 3830; x_wconf 82' lang='lat' dir='ltr'><strong>quumvis</strong></span> <span class='ocrx_word' id='word_1_271' title='bbox 1103 3753 1306 3830; x_wconf 83' lang='lat' dir='ltr'><strong>Thucydidem</strong></span> <span class='ocrx_word' id='word_1_272' title='bbox 1325 3754 1379 3814; x_wconf 89' lang='lat' dir='ltr'><strong>illo</strong></span> 
     </span>
     <span class='ocr_line' id='line_1_33' title="bbox 159 3852 1382 3932; baseline 0.002 -21"><span class='ocrx_word' id='word_1_273' title='bbox 159 3853 230 3914; x_wconf 89' lang='lat' dir='ltr'><strong>loco</strong></span> <span class='ocrx_word' id='word_1_274' title='bbox 251 3868 337 3913; x_wconf 86' lang='lat' dir='ltr'><strong>usum</strong></span> <span class='ocrx_word' id='word_1_275' title='bbox 359 3869 426 3915; x_wconf 85' lang='lat' dir='ltr'><strong>esse</strong></span> <span class='ocrx_word' id='word_1_276' title='bbox 440 3852 591 3917; x_wconf 83' lang='lat' dir='ltr'><strong>Antiocho</strong></span> <span class='ocrx_word' id='word_1_277' title='bbox 613 3854 784 3916; x_wconf 83' lang='lat' dir='ltr'><strong>contendat</strong></span> <span class='ocrx_word' id='word_1_278' title='bbox 822 3853 922 3929; x_wconf 81' lang='lat' dir='ltr'><strong>Quare</strong></span> <span class='ocrx_word' id='word_1_279' title='bbox 944 3853 1002 3913; x_wconf 90' lang='lat' dir='ltr'><strong>sibi</strong></span> <span class='ocrx_word' id='word_1_280' title='bbox 1023 3854 1082 3932; x_wconf 90' lang='lat' dir='ltr'><strong>ipsi</strong></span> <span class='ocrx_word' id='word_1_281' title='bbox 1101 3853 1287 3914; x_wconf 88' lang='lat' dir='ltr'><strong>Woelfflinus</strong></span> <span class='ocrx_word' id='word_1_282' title='bbox 1310 3855 1382 3915; x_wconf 92' lang='lat' dir='ltr'><strong>dicit</strong></span> 
     </span>
     <span class='ocr_line' id='line_1_34' title="bbox 159 3951 1382 4037; baseline 0.004 -25"><span class='ocrx_word' id='word_1_283' title='bbox 159 3951 321 4013; x_wconf 73' lang='lat' dir='ltr'><strong>contraris,</strong></span> <span class='ocrx_word' id='word_1_284' title='bbox 363 3953 483 4012; x_wconf 85' lang='lat' dir='ltr'><strong>Etenim</strong></span> <span class='ocrx_word' id='word_1_285' title='bbox 512 3973 690 4037; x_wconf 77' lang='lat' dir='ltr'><strong>quemquem</strong></span> <span class='ocrx_word' id='word_1_286' title='bbox 719 3956 841 4016; x_wconf 81' lang='lat' dir='ltr'><strong>uerbum</strong></span> <span class='ocrx_word' id='word_1_287' title='bbox 868 3953 991 4037; x_wconf 53' lang='lat' dir='ltr'><strong>metat</strong></span> <span class='ocrx_word' id='word_1_288' title='bbox 1017 3957 1055 4015; x_wconf 88' lang='lat' dir='ltr'><strong>ad</strong></span> <span class='ocrx_word' id='word_1_289' title='bbox 1077 3957 1240 4015; x_wconf 88' lang='lat' dir='ltr'><strong>Homerum</strong></span> <span class='ocrx_word' id='word_1_290' title='bbox 1269 3965 1382 4016; x_wconf 87' lang='lat' dir='ltr'><strong>tantum</strong></span> 
     </span>
     <span class='ocr_line' id='line_1_35' title="bbox 162 4053 1383 4136; baseline 0.003 -25"><span class='ocrx_word' id='word_1_291' title='bbox 162 4053 373 4132; x_wconf 88' lang='lat' dir='ltr'><strong>hominumque</strong></span> <span class='ocrx_word' id='word_1_292' title='bbox 396 4073 548 4116; x_wconf 86' lang='lat' dir='ltr'><strong>sermones</strong></span> <span class='ocrx_word' id='word_1_293' title='bbox 569 4064 705 4134; x_wconf 77' lang='lat' dir='ltr'><strong>spectare</strong></span> <span class='ocrx_word' id='word_1_294' title='bbox 726 4064 885 4136; x_wconf 77' lang='lat' dir='ltr'><strong>posuerat,</strong></span> <span class='ocrx_word' id='word_1_295' title='bbox 912 4058 971 4117; x_wconf 93' lang='lat' dir='ltr'><strong>hoc</strong></span> <span class='ocrx_word' id='word_1_296' title='bbox 992 4066 1091 4116; x_wconf 89' lang='lat' dir='ltr'><strong>tamen</strong></span> <span class='ocrx_word' id='word_1_297' title='bbox 1113 4056 1181 4117; x_wconf 91' lang='lat' dir='ltr'><strong>loco</strong></span> <span class='ocrx_word' id='word_1_298' title='bbox 1203 4059 1383 4117; x_wconf 89' lang='lat' dir='ltr'><strong>Antiochum</strong></span> 
     </span>
     <span class='ocr_line' id='line_1_36' title="bbox 161 4155 1382 4238; baseline 0.003 -26"><span class='ocrx_word' id='word_1_299' title='bbox 161 4155 291 4214; x_wconf 84' lang='lat' dir='ltr'><strong>indicari</strong></span> <span class='ocrx_word' id='word_1_300' title='bbox 312 4162 397 4230; x_wconf 80' lang='lat' dir='ltr'><strong>putat</strong></span> <span class='ocrx_word' id='word_1_301' title='bbox 404 4175 413 4226; x_wconf 83' lang='lat'>3</span> <span class='ocrx_word' id='word_1_302' title='bbox 435 4175 492 4216; x_wconf 83' lang='lat' dir='ltr'><strong>uec</strong></span> <span class='ocrx_word' id='word_1_303' title='bbox 514 4158 577 4222; x_wconf 88' lang='lat' dir='ltr'><strong>scio</strong></span> <span class='ocrx_word' id='word_1_304' title='bbox 600 4177 640 4222; x_wconf 83' lang='lat' dir='ltr'><strong>en</strong></span> <span class='ocrx_word' id='word_1_305' title='bbox 662 4167 784 4221; x_wconf 84' lang='lat' dir='ltr'><strong>auctore</strong></span> <span class='ocrx_word' id='word_1_306' title='bbox 805 4159 971 4236; x_wconf 84' lang='lat' dir='ltr'><strong>Kruegero.</strong></span> <span class='ocrx_word' id='word_1_307' title='bbox 1013 4161 1056 4218; x_wconf 84' lang='lat' dir='ltr'><strong>At</strong></span> <span class='ocrx_word' id='word_1_308' title='bbox 1077 4159 1103 4219; x_wconf 88' lang='lat' dir='ltr'><strong>si</strong></span> <span class='ocrx_word' id='word_1_309' title='bbox 1122 4157 1271 4238; x_wconf 82' lang='lat' dir='ltr'><strong>Kruegeri</strong></span> <span class='ocrx_word' id='word_1_310' title='bbox 1292 4159 1382 4217; x_wconf 61' lang='lat' dir='ltr'><strong>illst*</strong></span> 
     </span>
     <span class='ocr_line' id='line_1_37' title="bbox 162 4255 1382 4344; baseline 0.007 -32"><span class='ocrx_word' id='word_1_311' title='bbox 162 4255 339 4333; x_wconf 82' lang='lat' dir='ltr'><strong>perlegeris,</strong></span> <span class='ocrx_word' id='word_1_312' title='bbox 361 4275 507 4341; x_wconf 84' lang='lat' dir='ltr'><strong>nusquam</strong></span> <span class='ocrx_word' id='word_1_313' title='bbox 527 4260 673 4334; x_wconf 79' lang='lat' dir='ltr'><strong>invenies,</strong></span> <span class='ocrx_word' id='word_1_314' title='bbox 695 4279 783 4338; x_wconf 89' lang='lat' dir='ltr'><strong>quem</strong></span> <span class='ocrx_word' id='word_1_315' title='bbox 801 4261 926 4325; x_wconf 81' lang='lat' dir='ltr'><strong>tandem</strong></span> <span class='ocrx_word' id='word_1_316' title='bbox 939 4260 1052 4326; x_wconf 81' lang='lat' dir='ltr'><strong>testem</strong></span> <span class='ocrx_word' id='word_1_317' title='bbox 1066 4261 1158 4324; x_wconf 84' lang='lat' dir='ltr'><strong>verbo</strong></span> <span class='ocrx_word' id='word_1_318' title='bbox 1180 4257 1302 4344; x_wconf 73' lang='grc' dir='ltr'><strong><em>λέγεται</em></strong></span> <span class='ocrx_word' id='word_1_319' title='bbox 1323 4261 1382 4320; x_wconf 90' lang='lat' dir='ltr'><strong>hoc</strong></span> 
     </span>
    </p>
   </div>
   <div class='ocr_carea' id='block_1_5' title="bbox 212 4401 718 4547">
    <p class='ocr_par' dir='ltr' id='par_1_8' title="bbox 212 4401 718 4547">
     <span class='ocr_line' id='line_1_38' title="bbox 232 4401 718 4476; baseline 0.023 -21"><span class='ocrx_word' id='word_1_320' title='bbox 232 4403 248 4436; x_wconf 69' lang='lat'><strong>⁸³</strong></span> <span class='ocrx_word' id='word_1_321' title='bbox 266 4401 388 4458; x_wconf 80' lang='lat' dir='ltr'><strong>Goeller:</strong></span> <span class='ocrx_word' id='word_1_322' title='bbox 407 4404 443 4466; x_wconf 85' lang='lat' dir='ltr'><strong>(le</strong></span> <span class='ocrx_word' id='word_1_323' title='bbox 459 4405 515 4460; x_wconf 88' lang='lat' dir='ltr'><strong>situ</strong></span> <span class='ocrx_word' id='word_1_324' title='bbox 533 4404 629 4476; x_wconf 83' lang='lat' dir='ltr'><strong>Syme.</strong></span> <span class='ocrx_word' id='word_1_325' title='bbox 646 4423 675 4476; x_wconf 83' lang='lat' dir='ltr'><strong>p.</strong></span> <span class='ocrx_word' id='word_1_326' title='bbox 691 4409 718 4470; x_wconf 82' lang='grc'><strong>6.</strong></span> 
     </span>
     <span class='ocr_line' id='line_1_39' title="bbox 212 4469 664 4547; baseline 0.024 -18"><span class='ocrx_word' id='word_1_327' title='bbox 212 4471 246 4512; x_wconf 67' lang='lat'><strong>³⁸*</strong></span> <span class='ocrx_word' id='word_1_328' title='bbox 263 4469 401 4546; x_wconf 76' lang='lat' dir='ltr'><strong>Krueger:</strong></span> <span class='ocrx_word' id='word_1_329' title='bbox 419 4472 557 4534; x_wconf 75' lang='lat' dir='ltr'><strong>endecas</strong></span> <span class='ocrx_word' id='word_1_330' title='bbox 573 4489 601 4547; x_wconf 83' lang='lat' dir='ltr'><strong>p.</strong></span> <span class='ocrx_word' id='word_1_331' title='bbox 618 4475 664 4540; x_wconf 76' lang='grc'><strong>62.</strong></span> 
     </span>
    </p>
   </div>
   <div class='ocr_carea' id='block_1_6' title="bbox 0 0 1547 5056">
    <p class='ocr_par' dir='ltr' id='par_1_9' title="bbox 0 0 1547 5056">
     <span class='ocr_line' id='line_1_40' title="bbox 0 0 1547 5056; baseline 0 0"><span class='ocrx_word' id='word_1_332' title='bbox 0 0 1547 5056; x_wconf 95' lang='lat' dir='ltr'><strong> </strong></span> 
     </span>
    </p>
   </div>
  </div>
 </body>
</html>
