3038 5056
703 233 1002 346 -16-¹

284 475 323 542 B.
367 471 573 562 'llucydides
595 427 811 538 abAntiocho
832 469 973 560 pendere
995 470 1107 539 dicitur
1129 472 1207 539 loeis
1229 471 1434 563 quibusdam

200 577 275 645 libri
295 577 341 644 lll
365 587 397 642 et
416 575 475 643 lv.
1342 671 1346 676 .

288 695 321 783 a)
344 693 438 775 Quae
467 713 486 757 a
509 688 711 778 Thucydidis
739 687 900 756 scribendi
928 690 1051 756 ratione
1081 689 1270 758 abhorreant
1298 692 1419 758 exami-

202 803 329 865 uantur.

288 915 529 977 Consentaneum
558 922 604 974 est
630 915 662 972 in
698 916 874 991 quaerendis
907 914 1100 990 testimoniis,
1135 936 1151 975 e
1180 917 1285 995 quibus
1313 924 1420 994 pateat

202 1020 406 1098 Thucydidem
418 1027 461 1079 'ut
481 1019 512 1076 in
534 1016 611 1077 libro
634 1013 720 1078 sexto
742 1017 786 1078 ita
806 1016 838 1076 in
860 1016 926 1076 aliis
949 1037 1066 1097 qnoque
1086 1019 1175 1078 rebus
1192 1018 1418 1078 conscribendis

202 1140 286 1182 usum
307 1121 454 1181 interdum
476 1139 544 1180 esse
565 1121 725 1192 Antiocho,
747 1120 839 1179 multo
862 1119 976 1180 cautius
1006 1119 1094 1179 etiam
1115 1121 1202 1180 nobis
1231 1138 1298 1180 esse
1322 1140 1416 1198 agen·

203 1225 282 1297 dum,
305 1241 394 1301 quam
414 1222 446 1281 in
468 1221 673 1299 antiquissima
688 1220 854 1282 Siculorum
873 1222 999 1282 historia
1019 1222 1088 1282 libri
1107 1222 1185 1282 sexti
1206 1221 1418 1283 examinanda.

203 1325 323 1385 Etenim
347 1343 413 1384 curn
429 1342 474 1397 ea,
498 1342 574 1402 quae
589 1330 777 1401 quaeruntur,
799 1322 940 1383 facillime
955 1322 1063 1403 ubique
1080 1343 1235 1384 occurrere
1249 1325 1418 1396 videantur,

202 1427 289 1486 nobis
322 1445 439 1506 quoque
471 1425 635 1484 cavendum
669 1432 733 1498 est,
766 1443 805 1482 ne
826 1425 1020 1503 Thucydiden
1042 1426 1235 1487 attribuamus
1257 1427 1416 1487 Antiocho.

203 1526 336 1607 Cumque
358 1528 545 1588 Woelfflinus
567 1526 633 1603 ipse
654 1525 800 1586 concedat
820 1526 1026 1604 Thucydidem
1048 1528 1183 1606 exceptis
1198 1528 1342 1607 capitibus
1356 1529 1419 1588 illis

203 1630 272 1690 libri
293 1631 372 1691 sexti
393 1631 487 1690 libere
516 1629 740 1707 summatimque
760 1629 909 1690 Antiocho
936 1648 1002 1690 esse
1029 1649 1131 1701 usum,
1161 1650 1197 1689 ea
1224 1617 1337 1690 tantum
1366 1632 1419 1690 de·

203 1751 315 1810 negare
337 1732 364 1791 ei
385 1732 558 1809 poterimus,
581 1751 657 1810 quae
679 1730 778 1791 aliena
799 1750 864 1791 esse
887 1731 1050 1791 certissime
1073 1735 1196 1793 constet
1241 1730 1301 1794 Sed
1315 1732 1418 1791 videa-

155 1878 162 1892 .
201 1853 278 1909 mus,
299 1854 376 1913 quae
397 1835 567 1894 Woelfflino
590 1854 650 1893 nou
671 1834 828 1893 videantur
849 1851 916 1892 esse
938 1833 1140 1912 Tmcydidea.

287 1940 318 2016 1)
339 1938 395 1997 Th.
416 1937 470 2010 IV,
500 1938 558 2010 24,
587 1935 610 1999 4
636 1932 656 2021 ἡ
678 1934 838 2021 κληθεῖσα
857 1956 912 2013 pro
934 1931 955 2020 ἡ
976 1926 1156 2022 καλουμένη
1169 1939 1202 2015 ¹).
1252 1936 1298 1996 De
1328 1939 1416 2013 hujus

202 2039 352 2116 participii
373 2058 428 2099 usn
450 2039 553 2098 videas
575 2057 651 2116 quae
669 2037 737 2096 'dixi
758 2058 788 2115 p.
811 2039 840 2110 9,
862 2039 890 2096 4.

213 2189 217 2200 .
284 2142 317 2220 2)
338 2142 393 2202 Tb.
415 2142 468 2216 III,
491 2142 541 2215 88,
567 2144 581 2200 l
603 2138 745 2203 καλεῖται
766 2139 802 2202 δὲ
816 2142 955 2225 Λίπαρα
974 2161 1030 2220 pro
1044 2137 1065 2222 ἢ
1079 2140 1220 2204 καλεῖται
1234 2143 1412 2226 Λίπαραθ)

285 2243 382 2320 Quam
404 2245 521 2324 quidem
543 2245 752 2304 sententiarum
775 2246 1011 2320 conjunctionem
1033 2247 1113 2322 apud
1127 2246 1330 2323 Thucydidem
1353 2268 1416 2306 non

199 2346 326 2406 inveniri
354 2347 505 2425 vulgarem
531 2348 611 2406 haud
640 2343 728 2405 dubie
757 2346 927 2406 Woelffiino
962 2349 1184 2407 concedendum
1219 2355 1272 2408 est.
1325 2346 1416 2408 Certe

200 2451 290 2528 igitur
311 2450 384 2509 nihil
404 2450 541 2527 impedit,
564 2450 720 2527 quominus
743 2450 871 2509 alienam
893 2468 958 2508 eam
979 2449 1080 2526 aliqua
1101 2469 1140 2508 ex
1161 2459 1246 2526 parte
1268 2458 1416 2527 putemus.

202 2550 263 2611 Sed
284 2552 423 2611 Antiochi
449 2551 609 2629 quidquam
637 2552 736 2613 inesse
759 2573 819 2612 non
842 2559 887 2612 est
915 2552 1135 2623 extricandam,
1170 2554 1226 2612 etsi
1246 2553 1330 2612 illam
1351 2552 1418 2612 Ho-

201 2655 275 2712 meri
307 2655 556 2714 constructionem
587 2655 713 2714 libenter
741 2671 900 2733 usurpasse
930 2673 996 2713 eum
1025 2673 1064 2712 ex
1093 2654 1217 2731 septimo
1249 2655 1419 2734 fragmento

202 2757 309 2831 conjici
331 2775 421 2834 posse
442 2757 565 2815 videtur.
608 2757 722 2816 Rursus
744 2765 842 2816 autem
863 2776 901 2815 ne
922 2756 1103 2836 singularem
1126 2775 1192 2816 eam
1207 2757 1326 2835 quidem
1348 2775 1419 2818 esse

201 2859 280 2935 apud
301 2859 503 2936 Thucydidem
526 2878 565 2916 ex
587 2861 630 2919 eis
661 2859 900 2938 cognoscendum
923 2868 986 2931 est,
1018 2878 1094 2936 quae
1116 2859 1222 2936 Poppo
1250 2858 1282 2918 in
1311 2859 1418 2919 Prole-

201 2960 462 3038 gomenis1,291
488 2961 650 3040 abmptiori
672 2962 801 3021 sermoni
832 2961 972 3034 attribuit,
1018 2960 1131 3021 Contra
1156 2961 1342 3021 Woelfflinus
1372 2963 1419 3020 vi-

203 3064 273 3122 dere
295 3065 390 3141 potuit
412 3065 439 3123 ei
461 3066 539 3138 loco,
562 3084 647 3143 quem
663 3065 727 3144 ipse
743 3064 827 3122 affert
847 3063 879 3121 in
902 3063 1124 3141 quaestionibus
1139 3064 1200 3123 suis
1222 3085 1251 3142 p.
1268 3065 1319 3136 14,
1341 3064 1419 3123 nihil

203 3182 269 3224 esse
290 3184 355 3223 cum
377 3175 488 3226 nostro.
534 3165 773 3226 Consentaneum
794 3166 882 3237 enim,
906 3167 1006 3237 oredo,
1029 3166 1117 3226 estin
1133 3165 1209 3226 libro
1225 3165 1291 3238 Vll,
1313 3166 1363 3238 78,
1381 3168 1417 3225 3:

204 3253 263 3353 ,ipa
285 3265 322 3328 δὲ
341 3264 443 3350 λόφος
463 3271 613 3351 καρτερὸς
633 3268 688 3330 καὶ
709 3266 908 3352 ἑκατέρωθεν
927 3264 1026 3330 αὐτοῦ
1046 3267 1198 3352 χαράδρα
1218 3266 1416 3353 κρημνώδης,

201 3368 342 3432 ἐκαλεῖτο
364 3369 401 3432 δὲ
420 3368 568 3454 Ἀκραΐον
594 3369 721 3444 tara&
754 3372 835 3431 nullo
870 3370 959 3429 modo
990 3388 1154 3448 pronomen
1181 3370 1336 3430 relativum
1357 3390 1414 3446 po·

202 3474 295 3534 tuisse
315 3475 461 3550 usurpari.
502 3475 581 3534 Nam
604 3474 642 3532 ad
670 3472 821 3555 χαράδρα
843 3478 1008 3548 spectaret,
1037 3490 1097 3529 non
1127 3472 1165 3529 ad
1186 3469 1298 3544 λέπας.
1351 3469 1415 3533 Sed

201 3583 265 3633 utut
286 3584 340 3650 est,
363 3576 527 3653 argumenti
548 3575 622 3634 nihil
642 3576 780 3653 invenio,
810 3592 849 3632 ex
878 3591 936 3650 quo
956 3592 1012 3649 pro
1043 3579 1123 3632 certo
1152 3573 1313 3647 habeatur,
1341 3593 1415 3634 con-

202 3679 393 3738 structionem
412 3676 495 3736 illam
516 3678 624 3736 debere
646 3695 712 3736 esse
732 3676 937 3735 Antiocheam.

286 3782 319 3857 3)
341 3781 441 3840 Tertio
470 3779 537 3840 looo
560 3779 745 3839 Woelffiinus
773 3799 823 3857 pp.
848 3779 885 3838 13
909 3783 939 3836 et
962 3777 999 3837 18
1022 3778 1115 3837 verba
1143 3779 1288 3856 quaedam
1317 3777 1413 3852 affert,

202 3902 277 3960 quae
299 3884 391 3943 semel
412 3891 523 3942 tantum
545 3891 687 3961 usurpata
702 3882 790 3941 alieni
809 3881 921 3962 aliquid
943 3881 1089 3951 habeant;
1112 3879 1217 3957 quibus
1231 3887 1331 3940 tamen
1354 3881 1414 3958 ipsi

202 3985 372 4044 Woelfflino
394 3986 467 4045 nihil
489 3985 685 4045 demonstrari
707 3984 831 4043 ridetur.

285 4089 332 4147 Ac
353 4089 433 4164 quod
453 4088 634 4167 paucissima
654 4093 766 4146 tantum
787 4106 842 4165 pro
867 4085 1002 4146 locorum
1024 4084 1216 4162 amplitudine
1234 4086 1338 4144 afferre
1360 4105 1415 4162 po-

203 4197 320 4249 tuerunt
332 4189 515 4267 Thucydidis
530 4191 658 4251 sermoni
680 4189 787 4263 aliena,
809 4207 868 4248 non
884 4186 1059 4267 argumento
1075 4194 1129 4259 est,
1152 4207 1212 4246 non
1230 4206 1249 4245 a
1264 4204 1413 4263 quoquam

203 4312 270 4352 eum
295 4292 442 4369 pendere;
470 4294 577 4372 quippe
607 4313 672 4353 cum
700 4293 792 4353 libere
820 4297 934 4352 matum
962 4296 1084 4350 anctore
1112 4288 1282 4350 Woelfflino
1309 4287 1353 4349 eis
1381 4289 1413 4348 in

275 4480 295 4547 ¹)
314 4477 356 4537 Ct.
373 4477 416 4536 W.
435 4480 541 4547 quaest.
557 4491 588 4547 p.
606 4476 647 4535 la.
