3038 5056
631 247 822 306 ..9.-

117 428 219 493 tamen
241 425 328 503 ὅστις
349 412 468 507 quoque
489 426 637 488 interdum
665 430 795 489 inveniri
823 432 1009 508 grammatici
1038 431 1163 508 docent,
1192 444 1224 495 nt
1245 437 1336 496 facilc

118 535 158 592 sit
178 533 329 591 intellectu
358 537 492 589 nostrum
518 521 604 600 ὅστις
634 531 764 589 conferri
785 550 845 590 non
871 549 963 608 posse
985 552 1051 590 cum
1072 534 1124 593 illo
1152 536 1183 593 iu
1210 537 1287 596 libro
1309 535 1335 608 l,

119 635 189 705 137,
213 633 241 690 2.
286 631 387 707 Quare
412 649 478 688 cum
507 630 601 689 semel
628 637 744 689 tantum
772 630 805 688 id
833 625 920 702 ὅστις
948 651 1020 692 suae
1049 634 1198 693 scribendi
1225 637 1336 696 rationi

115 733 307 810 Thucydides
325 731 493 803 inseruerit,
516 751 570 791 suo
588 733 657 806 jure
670 730 861 789 Woelfflinus
879 732 997 807 opinari
1013 741 1113 808 potest
1130 735 1188 793 hoc
1204 735 1272 796 loeo
1295 739 1334 796 ab

115 833 175 891 alio
198 833 327 909 quodam
348 832 452 890 Ionum
482 831 629 908 scriptore
651 850 717 889 eum
738 832 879 908 pendere.
904 831 986 893 Sed
1015 853 1084 893 num
1113 837 1266 896 credamus
1295 839 1333 895 ab

113 933 285 992 Antiocho?
316 935 357 990 At
376 932 496 1009 Hippys
518 950 635 1009 quoque
659 932 813 1009 Rheginus
835 932 992 992 historiam
1012 932 1144 994 Siculam
1165 935 1334 1011 scripserat.

113 1033 220 1109 Neque
241 1033 313 1090 illud
334 1032 481 1092 Hecataei
503 1051 578 1110 opus
603 1033 809 1118 ,nsptrjyryutc
828 1031 904 1118 γῆς(
920 1033 1088 1110 Thucydidi
1109 1036 1245 1113 ignotum
1267 1055 1335 1096 esse

112 1140 238 1208 poterat.
283 1132 345 1193 Sed
371 1152 436 1192 cum
463 1135 496 1192 in
525 1135 692 1212 fragmento
721 1134 774 1193 illo
795 1134 937 1192 Antiochi
962 1154 982 1193 a
1010 1133 1159 1211 Dionysio
1188 1135 1286 1195 Helio.
1307 1139 1334 1209 l,

114 1235 153 1292 12
182 1236 269 1295 nobis
291 1237 401 1295 tradito
425 1236 552 1294 eundem
579 1237 765 1313 pronominis
794 1235 912 1294 relativi
933 1254 1019 1295 usum
1046 1236 1247 1309 inveniamus,
1275 1240 1334 1297 hoc

114 1337 209 1396 solum
238 1340 302 1412 Jam
335 1344 509 1414 argumento
543 1353 612 1395 esse
644 1336 717 1395 dicit
745 1337 932 1396 Woelffliuus
960 1337 1164 1414 Thucydidem
1191 1338 1334 1397 Antiochi

111 1438 238 1496 historia
260 1456 327 1496 esse
349 1456 444 1497 usum.
486 1436 555 1495 Heu
576 1437 716 1495 miseram
743 1437 878 1496 locorum
910 1438 1179 1515 comparationeml
1214 1438 1334 1496 Etenim

111 1539 226 1608 nescio,
250 1539 316 1615 quis
338 1558 399 1598 non
419 1539 521 1597 videat
543 1538 690 1597 communi
711 1539 769 1596 hoc
792 1538 909 1597 relativi
931 1556 986 1597 usu
1008 1537 1082 1596 nihil
1103 1539 1245 1613 indicari,
1274 1540 1333 1598 nisi

111 1641 293 1698 Antiochum
315 1659 442 1717 quoque,
464 1648 497 1698 ut
519 1657 622 1699 omnes
637 1647 706 1698 ante
721 1639 924 1717 Thucydidem
939 1639 1100 1717 scriptores
1121 1640 1227 1698 Ionum
1248 1658 1334 1698 usum

113 1757 180 1798 esse
210 1722 355 1798 dialecto}
390 1741 471 1817 quod
501 1740 620 1818 quidem
644 1741 741 1799 multo
771 1741 876 1799 melius
903 1740 1030 1818 intelligi
1059 1747 1159 1817 potest
1186 1761 1202 1798 e
1228 1741 1332 1800 formis

112 1840 221 1924 ἐόνινγς
242 1849 271 1899 et
288 1838 460 1926 Ἰταλίιμες
481 1842 561 1918 apud
582 1840 673 1919 Dion.
695 1841 765 1900 Hal.
786 1842 811 1914 Ι,
836 1843 884 1900 12.

266 1945 294 2001 3.
317 1943 374 2004 Th.
390 1943 443 2015 VI,
467 1945 497 2017 3,
521 1943 539 2001 2
562 1941 620 2004 τοῦ
642 1942 797 2024 ἐχομένου
811 1941 899 2014 ἐνους
913 1962 968 2020 pro
984 1941 1212 2023 ἐπιγενομένου
1233 1945 1330 2016 ἔτους.

195 2043 327 2102 Verbum
349 2044 587 2124 ἐχεσθοιιοριιᾶ
607 2045 814 2122 Thucydidem
836 2045 875 2102 ad
897 2044 1037 2122 regiones
1059 2051 1174 2101 tantum
1195 2053 1332 2121 spectare

106 2153 191 2203 ,recte
211 2145 399 2205 Woelfflinus
429 2144 591 2205 admonuit.
634 2147 676 2203 At
703 2147 839 2208 omnibus
866 2145 1050 2221 Thucydidis
1078 2145 1162 2204 libris
1189 2146 1332 2222 perlectis

111 2246 193 2305 nullo
221 2246 289 2306 loco
320 2246 462 2323 scriptum
490 2246 625 2305 invenies
655 2246 883 2327 ἐπιγενομένου
904 2245 992 2317 ἔτους
1018 2269 1060 2299 =
1088 2254 1210 2322 postero
1240 2266 1331 2319 anno,

110 2336 296 2425 germanice:
327 2349 392 2422 „im
413 2348 573 2426 folgenden
591 2349 711 2421 jahre.“
757 2349 876 2407 Etenim
906 2350 972 2406 cum
1001 2348 1071 2405 anni
1101 2332 1271 2405 dividantur
1299 2349 1332 2406 iu

110 2456 240 2507 aestates
263 2457 292 2507 et
307 2449 431 2522 hiemes,
454 2440 688 2509 consentaneum
704 2458 759 2521 est,
778 2458 811 2507 ut
825 2458 938 2508 tanturn
953 2450 1088 2507 invenias
1104 2447 1333 2529 ἐπιγενομένου

110 2554 231 2629 θέρους
253 2559 283 2609 et
301 2550 465 2633 χειμῶνος.
510 2552 611 2628 Quare
632 2552 707 2609 illud
728 2550 883 2631 ἐχομένου
899 2550 994 2629 ἔτους.
1009 2550 1114 2608 eodem
1129 2551 1219 2609 modo
1239 2551 1332 2608 semel

109 2649 221 2713 dictum
244 2662 298 2732 est,
320 2661 353 2712 ut
375 2652 503 2732 σχεδία,
525 2653 702 2730 δρέπανον,
725 2649 969 2735 δρεπανοειδής,
993 2647 1144 2731 ἑσπέριος
1159 2657 1189 2708 et
1208 2659 1331 2733 μεσημ-

109 2756 227 2833 βρινός.
265 2754 327 2815 Sed
340 2763 404 2814 utut
419 2762 474 2827 est,
497 2763 596 2813 tamen
612 2754 702 2813 alieni
717 2753 830 2830 aliquid
848 2752 947 2811 inesse
968 2759 1078 2828 potest,
1102 2753 1158 2811 etsi
1172 2751 1333 2810 Antiochei

108 2856 183 2914 nihil
203 2857 334 2916 invenio.
755 2858 758 2865 '
802 2850 803 2854 ¹

263 2961 291 3016 4.
314 2960 369 3018 Th.
391 2957 453 3031 Vl,
483 2961 514 3032 4,
540 2959 558 3018 2
581 2961 656 3026 τους
682 2956 877 3042 κληθέντας
907 2953 966 3026 VI,
996 2955 1032 3027 4,
1063 2955 1081 3012 5
1110 2963 1140 3012 et
1160 2955 1213 3029 IV,
1236 2954 1332 3027 24,4

317 3056 491 3142 κληθεῖσοιι
512 3079 567 3137 pro
588 3058 795 3141 καλούμενος.

193 3160 254 3219 Hie
281 3180 400 3238 quoque
427 3162 547 3220 fficendi
568 3179 638 3220 usus
660 3181 679 3218 a
699 3160 884 3237 Thucydidis
913 3178 1050 3219 sermone
1073 3166 1152 3217 certe
1181 3160 1331 3231 abhorret,

109 3263 165 3322 etsi
186 3264 279 3320 verba
298 3262 351 3320 illa
372 3262 425 3334 Vl,
447 3265 478 3334 4,
502 3263 520 3320 5
546 3257 632 3338 ,und
652 3260 715 3324 τῶν
732 3258 872 3324 Σικελῶν
892 3259 1070 3344 κληθεῖσα“
1093 3280 1154 3318 nou
1175 3260 1254 3319 idem
1277 3279 1331 3317 ex·

109 3365 240 3441 primunt
261 3383 297 3422 ac
319 3359 337 3424 ὁ
360 3361 569 3445 καλούμενος,
591 3365 764 3442 germanice
793 3365 1021 3442 „sogenanut“,
1051 3363 1104 3421 sed
1135 3363 1193 3436 „de
1223 3359 1331 3421 Siculis

109 3467 290 3543 appellata“.
333 3465 535 3527 Nihilominus
558 3476 655 3526 autem
686 3469 793 3526 ceteris
821 3467 897 3527 locis
920 3463 1089 3541 Thucydidi
1110 3484 1172 3522 uon
1197 3461 1328 3522 scriben-

111 3570 180 3626 dum
203 3577 266 3626 erat
288 3562 463 3652 ὃκλιγθείς,
486 3570 542 3628 etsi
563 3588 602 3627 ne
627 3570 686 3627 hoc
715 3569 835 3644 quidem
855 3568 1023 3626 Antiochus
1051 3565 1209 3628 indicatur.
1250 3563 1331 3623 Nam

107 3670 281 3748 fragmentis
303 3670 445 3729 Antiochi
467 3671 613 3748 simulque
634 3669 792 3744 Hecataei,
814 3669 970 3745 Xanthi,e1
991 3666 1124 3738 lHauici,
1146 3664 1330 3740 Pherecydis
1444 3738 1450 3743 -

108 3771 252 3831 consultis
281 3790 427 3856 nusquam
448 3773 551 3830 inveni
572 3767 739 3854 ὁκληθεὶς
759 3791 815 3849 pro
842 3767 1082 3850 declaclarant,
1105 3768 1197 3826 latine
1221 3786 1329 3843 „quern

107 3873 249 3942 vocant“,
272 3872 327 3930 etsi
349 3891 410 3931 nou
431 3891 501 3932 raro
517 3872 621 3930 lonum
636 3873 754 3932 ratione
775 3873 1009 3949 saepissimeque
1032 3871 1111 3947 apud
1125 3869 1331 3944 Pherecydem

109 3973 213 4032 consti
235 3972 348 4049 passivi
370 3991 441 4032 usus
472 3972 603 4050 perspici
624 3975 756 4050 potest*.
800 3974 963 4031 Praeterea
985 3971 1084 4031 multis
1105 3970 1182 4029 locis
1204 3967 1329 4053 ἐκλήθη

108 4075 231 4152 ponitur
251 4093 307 4150 pro
329 4072 482 4147 ἐκαλεῖτο,
506 4095 582 4152 quae
605 4077 706 4135 omnia
728 4078 834 4135 afferre
855 4076 979 4154 longum
1000 4081 1052 4131 est.
1092 4070 1206 4132 Contra
1228 4089 1330 4132 omnes

106 4175 151 4232 illi
162 4174 343 4253 logographi
350 4177 517 4236 Atticorum
529 4198 612 4238 more
623 4175 660 4254 ,d
668 4176 885 4258 καλούμενος’ι
897 4173 1090 4253 (sogenannt)
1100 4175 1206 4235 eodem
1215 4190 1332 4247 semper

107 4292 490 4461 mugilum.
509 4325 542 4382 49
565 4330 594 4383 et
610 4327 676 4394 3413
694 4323 802 4380 Hellen.
820 4322 854 4377 45
860 4341 868 4390 ;
890 4319 1044 4393 Pherecyd.
1068 4322 1103 4379 55
1129 4335 1190 4379 cum
1207 4317 1332 4390 Thucyd
