3038 5056
675 269 885 329 un...

173 460 283 531 credo,
315 455 436 537 negabit
465 454 636 534 opinionem
666 454 748 514 illem
780 454 941 515 Woelfflini
969 471 1036 516 esse
1069 471 1185 516 vanam.
1212 483 1255 504 -
1283 458 1381 535 Atque

174 565 230 623 has
257 561 373 639 quidem
401 564 515 636 septem
541 557 762 617 enunciationer
790 576 848 616 non
880 575 947 616 esse
967 557 1175 635 Thucydidem
1196 558 1381 621 Woelfflinus

176 662 333 723 contendit.
377 659 462 736 Quae
491 658 569 738 quod
597 659 628 717 in
655 659 827 738 fragmentis
848 658 989 719 Antiochi
1010 678 1070 718 non
1090 659 1295 733 inveniuntur,
1320 681 1380 720 non

171 770 297 840 possunt
328 780 395 822 esse
426 769 597 840 argumente
626 757 828 837 Thucydidem
856 761 908 819 illo
938 779 998 819 non
1031 779 1098 820 esse
1130 779 1231 834 usum
1272 763 1381 840 quippe
1484 832 1488 837 ,

172 884 240 922 cum
265 882 363 940 pauca
389 871 501 922 tantum
528 881 568 921 ex
596 859 728 922 historiis
756 859 819 937 effus
850 861 959 920 tradita
992 864 1152 922 habeamus
1185 863 1379 940 paucissima·

170 984 229 1041 que
261 964 404 1024 orationis
436 964 573 1023 directae.
624 964 724 1038 Quare
757 983 816 1023 non
850 963 908 1023 nisi
941 965 1029 1024 rebus
1059 965 1156 1042 ipsis,
1193 982 1267 1042 quas
1301 965 1379 1024 Thu·

170 1067 294 1144 cydides
316 1075 433 1139 narrat,
463 1067 659 1127 demonstrari
686 1074 801 1144 potest,
828 1073 924 1124 utrum
945 1068 1051 1126 hausta
1077 1066 1178 1127 omnia
1198 1084 1234 1125 ea
1260 1067 1320 1126 sint
1340 1085 1379 1126 ex

171 1171 336 1259 Antiocho,¹
352 1188 456 1228 necne.

255 1316 292 1404 b)
311 1315 377 1383 Res
397 1317 490 1404 ipsae
511 1315 741 1384 examinantur.

254 1441 431 1518 Priusquam
452 1458 500 1499 res
522 1441 604 1517 ipsas
625 1440 654 1498 in
685 1440 868 1518 digressione
889 1439 942 1498 illa
969 1437 1048 1499 sexti
1075 1438 1143 1498 libri
1166 1459 1184 1498 a
1204 1439 1377 1518 Thucydide

173 1552 310 1604 narratas
332 1543 505 1602 examinare
527 1541 694 1620 aggrediar,
717 1549 881 1618 temperare
902 1541 974 1600 mihi
988 1561 1048 1601 non
1068 1559 1201 1618 possum,
1224 1543 1377 1619 quominus

170 1647 302 1705 virorum
331 1645 454 1703 duorum
475 1646 554 1702 haud
584 1643 671 1703 dubie
696 1644 802 1702 litteris
831 1643 1067 1703 doctissimorum
1095 1643 1274 1717 sententias,
1304 1663 1377 1721 quas

169 1748 290 1825 quidem
311 1747 388 1825 legi,
414 1748 491 1805 inter
512 1766 544 1806 se
566 1747 733 1807 conferamr
762 1747 909 1825 Kruegeri
936 1754 965 1805 et
986 1745 1155 1805 Woelfflini.
1205 1747 1250 1806 Ac
1278 1746 1378 1823 posuit

168 1850 289 1926 quidem
309 1848 505 1926 Kruegerus*
528 1867 683 1908 excursum
704 1847 837 1906 illumin
862 1849 987 1907 transitu
1008 1855 1153 1920 tractans,
1180 1855 1274 1907 totam
1295 1849 1378 1907 illam

168 1953 207 2010 de
228 1952 432 2029 antiquissima
452 1949 555 2012 Sicilia
576 1952 785 2024 narrationem,
808 1952 891 2012 nullo
912 1952 974 2011 fere
995 1949 1115 2009 vinculo
1138 1968 1204 2008 cum
1225 1950 1303 2008 bello
1327 1952 1376 2008 de-

167 2053 326 2113 scribendo
349 2055 565 2127 cohaerentem,
588 2074 655 2112 cum
675 2054 739 2112 vitii
759 2055 870 2131 aliquid
890 2055 922 2112 in
944 2073 977 2114 se
997 2054 1132 2124 haberet,
1155 2052 1238 2110 nulla
1258 2053 1318 2111 alia
1340 2054 1376 2112 de

169 2174 263 2214 causa
284 2155 489 2232 aThucydide
503 2157 587 2234 operi
608 2158 748 2214 insertam
770 2175 846 2230 esse,
866 2175 954 2233 quam
969 2176 1017 2228 ne,
1040 2174 1116 2232 quae
1134 2155 1199 2231 ipse
1219 2154 1376 2215 historicus

168 2257 339 2335 quaerendo
361 2257 532 2330 invenisset,
556 2258 699 2317 oblivioni
722 2259 905 2317 dederentur.
950 2257 1061 2318 Contra
1080 2255 1265 2315 Woelfflinus
1291 2257 1375 2316 initio

167 2358 375 2435 quaestionum
403 2377 521 2418 suarum
549 2361 678 2420 officium
706 2361 797 2420 finisse
818 2361 1000 2439 Thucydidis
1030 2358 1226 2436 antiquissimi
1255 2356 1375 2419 Siciliae

167 2469 263 2521 status
294 2462 439 2520 rationem
470 2463 580 2522 habere
610 2464 770 2523 contendit.
823 2466 921 2541 Atque
953 2471 1017 2521 uter
1047 2461 1164 2539 quidem
1185 2460 1303 2518 veriora
1331 2462 1374 2518 in-

167 2563 292 2635 venerit,
314 2563 415 2622 nescio
440 2582 496 2641 quc
518 2566 608 2625 modo
629 2567 726 2642 possit
747 2565 883 2638 decerni;
902 2567 955 2625 sed
970 2572 1034 2623 uter
1051 2561 1240 2622 credibiliora
1255 2562 1374 2636 dixerit,

165 2664 256 2722 facile
278 2673 324 2723 est
343 2665 501 2724 intellectu.
538 2667 656 2726 Etenim
677 2668 880 2744 Thucydidem
901 2676 993 2727 totum
1015 2666 1122 2724 bellurn
1144 2664 1218 2722 illud
1239 2683 1304 2722 cum
1318 2665 1374 2722 Pe-

167 2766 352 2842 loponnesiis
374 2775 489 2845 gestum
509 2776 699 2828 tractaturum
727 2770 869 2847 initioque
896 2769 984 2846 primi
1007 2767 1076 2826 libri
1105 2767 1142 2825 de
1171 2766 1374 2843 antiquissima

168 2867 302 2927 Graecia
322 2869 466 2927 nonnulla
485 2870 572 2930 nobis
594 2872 757 2930 tradentem
779 2873 844 2949 quis
865 2870 1062 2950 vituperabit?
1100 2870 1160 2929 Res
1182 2887 1215 2927 se
1235 2868 1302 2946 ipsa
1324 2869 1374 2925 de-

137 2971 272 3033 notarat.
316 2970 431 3046 Quodsi
452 2973 537 3033 initio
566 2973 643 3032 sexti
664 2973 732 3034 libri
760 2974 900 3050 scriptum
923 2973 1088 3032 invenimus
1115 2971 1225 3030 bellum
1246 2969 1373 3047 Syracu-

165 3091 272 3132 sanum
305 3092 399 3151 aeque
431 3095 522 3154 grave
554 3075 645 3134 fuisse
678 3083 765 3152 atque
793 3076 867 3134 illud
896 3096 963 3134 cum
991 3072 1218 3150 Peloponnesiis
1248 3081 1373 3150 gestum,

166 3175 338 3251 insciosque
369 3195 435 3235 esse
463 3178 660 3238 Athenienses
689 3177 810 3239 Siciliae
838 3188 868 3237 et
897 3178 1107 3256 magnitudinis
1136 3184 1165 3235 et
1194 3176 1373 3236 incolarum:

166 3297 268 3337 nonne
290 3279 402 3355 optimo
420 3282 487 3354 jure
517 3283 655 3340 contendi
676 3291 775 3358 potest
801 3282 893 3341 fuisse
912 3278 1094 3358 Thucydidis
1122 3298 1244 3337 narrare
1265 3298 1372 3355 aequa-

165 3380 244 3439 libus
264 3382 374 3453 omnia,
399 3401 474 3459 quae
496 3383 562 3461 ipse
584 3392 634 3441 aut
653 3384 768 3463 legerat
783 3393 833 3443 aut
851 3385 944 3443 oculis
965 3381 1101 3446 viderat?
1132 3383 1229 3459 Atque
1250 3390 1282 3439 ut
1303 3381 1372 3439 ridi-

167 3483 267 3541 'culum
287 3492 333 3543 est
355 3485 475 3544 credere
502 3488 602 3545 omnia
623 3507 676 3562 ea,
704 3507 780 3566 quae
807 3489 844 3547 de
873 3488 1094 3567 antiquissimae
1123 3483 1268 3544 Graeciae
1296 3492 1372 3543 statu

164 3586 254 3647 nobis
283 3588 450 3661 traduntur,
484 3591 545 3650 suis
574 3591 668 3669 ipsius
698 3592 804 3652 debere
833 3592 1035 3670 Thucydidem
1064 3588 1301 3668 quaestionibus,
1331 3585 1373 3643 ita
1411 3577 1414 3584 '
1453 3633 1456 3640 .

164 3688 271 3747 melius
293 3690 383 3748 etiam
405 3691 464 3750 dici
483 3693 515 3750 id
535 3702 634 3770 potest
656 3696 692 3754 de
712 3695 781 3754 libri
801 3696 880 3755 sexti
900 3695 994 3754 initio.
1131 3760 1134 3764 Δ

251 3789 313 3852 Sed
334 3812 420 3869 quem
445 3795 563 3853 tandem
581 3806 698 3857 secutus
721 3807 766 3858 cst
778 3799 966 3875 Thucydides
987 3798 1019 3854 in
1040 3803 1102 3854 tota
1114 3794 1167 3854 illa
1188 3790 1372 3868 digressione

165 3894 399 3977 conscribenda?
437 3891 659 3966 Antiochumne
684 3919 723 3958 sn
752 3901 861 3960 alium?
893 3899 1093 3972 Woelfflinns,
1124 3897 1170 3956 cui
1197 3911 1371 3970 persuasum

163 4004 211 4056 est
232 3994 352 4057 Siciliae
382 4001 509 4076 quodam
532 4002 677 4079 scriptore
699 4003 900 4082 Thucydidem
928 4022 993 4062 esse
1018 4021 1119 4074 usum,
1152 3996 1371 4074 Syracusanum

163 4098 247 4156 illum
268 4100 359 4159 fuisse
381 4103 541 4176 contendit,
563 4106 671 4182 quippe
693 4107 743 4185 qui
764 4108 849 4168 nobis
872 4106 1026 4166 tradiderit
1045 4105 1151 4162 falcem
1174 4097 1290 4160 Siculos
1318 4119 1369 4175 ap·

126 4186 130 4190 ⁵
164 4199 278 4278 pellere
299 4200 444 4282 ζάγκλον.
481 4203 568 4279 Quod
590 4216 687 4268 amen
707 4211 883 4269 Antiochum
906 4207 1062 4267 tradidisse
1083 4223 1143 4263 non
1165 4221 1286 4281 possum
1309 4199 1369 4258 col·

164 4302 268 4378 ligere.
312 4304 428 4364 Etenim
449 4326 548 4366 nonne
563 4310 667 4370 eodem
681 4313 770 4372 modo
792 4312 856 4390 ipse
871 4309 1069 4386 Thucydides,
1091 4325 1156 4367 eum
1178 4305 1209 4365 in
1230 4303 1368 4382 regiones

163 4420 367 4433 m

231 4472 248 4505 *
264 4469 404 4544 Krueger:
422 4471 557 4531 Analecta
573 4491 601 4546 p.
618 4476 659 4534 48.

1167 4574 1183 4628 2
