<?xml version="1.0" encoding="UTF-8"?>
<!DOCTYPE html PUBLIC "-//W3C//DTD XHTML 1.0 Transitional//EN"
    "http://www.w3.org/TR/xhtml1/DTD/xhtml1-transitional.dtd">
<html xmlns="http://www.w3.org/1999/xhtml" xml:lang="en" lang="en">
 <head>
  <title>
</title>
<meta http-equiv="Content-Type" content="text/html;charset=utf-8" />
  <meta name='ocr-system' content='tesseract 3.04.00' />
  <meta name='ocr-capabilities' content='ocr_page ocr_carea ocr_par ocr_line ocrx_word'/>
</head>
<body>
  <div class='ocr_page' id='page_1' title='image "./fontesrerumsicu00boehgoog_0026.png"; bbox 0 0 3038 5056; ppageno 0'>
   <div class='ocr_carea' id='block_1_1' title="bbox 572 319 778 378">
    <p class='ocr_par' dir='ltr' id='par_1_1' title="bbox 572 319 778 378">
     <span class='ocr_line' id='line_1_1' title="bbox 572 319 778 378; baseline 0.019 -14"><span class='ocrx_word' id='word_1_1' title='bbox 572 319 778 378; x_wconf 61' lang='grc' dir='ltr'>..ιι-</span> 
     </span>
    </p>
   </div>
   <div class='ocr_carea' id='block_1_2' title="bbox 40 487 1303 4173">
    <p class='ocr_par' dir='ltr' id='par_1_2' title="bbox 75 487 1284 692">
     <span class='ocr_line' id='line_1_2' title="bbox 75 487 1284 587; baseline -0.003 -13"><span class='ocrx_word' id='word_1_2' title='bbox 75 513 106 574; x_wconf 88' lang='lat' dir='ltr'><strong>ei</strong></span> <span class='ocrx_word' id='word_1_3' title='bbox 122 513 164 572; x_wconf 47' lang='lat' dir='ltr'><strong>*de</strong></span> <span class='ocrx_word' id='word_1_4' title='bbox 184 508 309 587; x_wconf 86' lang='lat' dir='ltr'><strong>singulis</strong></span> <span class='ocrx_word' id='word_1_5' title='bbox 330 507 453 585; x_wconf 90' lang='lat' dir='ltr'><strong>proeliis</strong></span> <span class='ocrx_word' id='word_1_6' title='bbox 468 507 543 565; x_wconf 88' lang='lat' dir='ltr'><strong>varii</strong></span> <span class='ocrx_word' id='word_1_7' title='bbox 566 502 764 566; x_wconf 85' lang='lat' dir='ltr'><strong>afferebantur</strong></span> <span class='ocrx_word' id='word_1_8' title='bbox 785 505 879 563; x_wconf 90' lang='lat' dir='ltr'><strong>nuntii</strong></span> <span class='ocrx_word' id='word_1_9' title='bbox 893 487 1096 567; x_wconf 71' lang='lat' dir='ltr'><strong>variisrerbis</strong></span> <span class='ocrx_word' id='word_1_10' title='bbox 1119 507 1284 585; x_wconf 77' lang='lat' dir='ltr'><strong>compositi.</strong></span> 
     </span>
     <span class='ocr_line' id='line_1_3' title="bbox 75 609 1284 692; baseline -0.007 -16"><span class='ocrx_word' id='word_1_11' title='bbox 75 615 161 676; x_wconf 88' lang='lat' dir='ltr'><strong>Haec</strong></span> <span class='ocrx_word' id='word_1_12' title='bbox 180 612 272 692; x_wconf 88' lang='lat' dir='ltr'><strong>igitur</strong></span> <span class='ocrx_word' id='word_1_13' title='bbox 292 618 326 668; x_wconf 92' lang='lat' dir='ltr'><strong>ut</strong></span> <span class='ocrx_word' id='word_1_14' title='bbox 338 610 504 669; x_wconf 82' lang='lat' dir='ltr'><strong>Antiochea</strong></span> <span class='ocrx_word' id='word_1_15' title='bbox 524 609 567 668; x_wconf 90' lang='lat' dir='ltr'><strong>ita</strong></span> <span class='ocrx_word' id='word_1_16' title='bbox 588 609 713 668; x_wconf 89' lang='lat' dir='ltr'><strong>aliorum</strong></span> <span class='ocrx_word' id='word_1_17' title='bbox 734 626 852 686; x_wconf 72' lang='lat' dir='ltr'><strong>quoque</strong></span> <span class='ocrx_word' id='word_1_18' title='bbox 874 609 1042 686; x_wconf 80' lang='lat' dir='ltr'><strong>aequalium</strong></span> <span class='ocrx_word' id='word_1_19' title='bbox 1064 629 1129 670; x_wconf 89' lang='lat' dir='ltr'><strong>esse</strong></span> <span class='ocrx_word' id='word_1_20' title='bbox 1150 619 1284 688; x_wconf 88' lang='lat' dir='ltr'><strong>possunt</strong></span> 
     </span>
    </p>

    <p class='ocr_par' dir='ltr' id='par_1_3' title="bbox 77 710 1295 2532">
     <span class='ocr_line' id='line_1_4' title="bbox 131 710 1283 791; baseline -0.003 -17"><span class='ocrx_word' id='word_1_21' title='bbox 131 715 321 779; x_wconf 69' lang='lat' dir='ltr'><strong>‚hectorea</strong></span> <span class='ocrx_word' id='word_1_22' title='bbox 343 711 369 772; x_wconf 89' lang='lat' dir='ltr'><strong>si</strong></span> <span class='ocrx_word' id='word_1_23' title='bbox 390 711 578 789; x_wconf 85' lang='lat' dir='ltr'>Thucydides</span> <span class='ocrx_word' id='word_1_24' title='bbox 598 710 739 770; x_wconf 78' lang='lat' dir='ltr'><strong>Antiochi</strong></span> <span class='ocrx_word' id='word_1_25' title='bbox 771 710 896 769; x_wconf 90' lang='lat' dir='ltr'><strong>historia</strong></span> <span class='ocrx_word' id='word_1_26' title='bbox 925 730 994 771; x_wconf 87' lang='lat' dir='ltr'><strong>usus</strong></span> <span class='ocrx_word' id='word_1_27' title='bbox 1024 721 1086 785; x_wconf 88' lang='lat' dir='ltr'><strong>est,</strong></span> <span class='ocrx_word' id='word_1_28' title='bbox 1118 733 1173 791; x_wconf 92' lang='lat' dir='ltr'><strong>pro</strong></span> <span class='ocrx_word' id='word_1_29' title='bbox 1204 722 1283 773; x_wconf 91' lang='lat' dir='ltr'><strong>certo</strong></span> 
     </span>
     <span class='ocr_line' id='line_1_5' title="bbox 77 812 1286 889; baseline -0.006 -10"><span class='ocrx_word' id='word_1_30' title='bbox 77 819 170 879; x_wconf 88' lang='lat' dir='ltr'><strong>credo</strong></span> <span class='ocrx_word' id='word_1_31' title='bbox 191 815 358 876; x_wconf 89' lang='lat' dir='ltr'><strong>habendum</strong></span> <span class='ocrx_word' id='word_1_32' title='bbox 381 822 426 874; x_wconf 92' lang='lat' dir='ltr'><strong>est</strong></span> <span class='ocrx_word' id='word_1_33' title='bbox 446 833 506 873; x_wconf 89' lang='lat' dir='ltr'><strong>non</strong></span> <span class='ocrx_word' id='word_1_34' title='bbox 521 814 580 873; x_wconf 89' lang='lat' dir='ltr'><strong>nisi</strong></span> <span class='ocrx_word' id='word_1_35' title='bbox 594 813 673 872; x_wconf 92' lang='lat' dir='ltr'><strong>bello</strong></span> <span class='ocrx_word' id='word_1_36' title='bbox 688 812 945 889; x_wconf 79' lang='lat' dir='ltr'><strong>Peloponnesiaco</strong></span> <span class='ocrx_word' id='word_1_37' title='bbox 965 814 1048 874; x_wconf 90' lang='lat' dir='ltr'><strong>finito</strong></span> <span class='ocrx_word' id='word_1_38' title='bbox 1069 815 1199 875; x_wconf 89' lang='lat' dir='ltr'><strong>scribere</strong></span> <span class='ocrx_word' id='word_1_39' title='bbox 1220 834 1286 873; x_wconf 91' lang='lat' dir='ltr'><strong>eum</strong></span> 
     </span>
     <span class='ocr_line' id='line_1_6' title="bbox 77 915 1285 998; baseline -0.004 -18"><span class='ocrx_word' id='word_1_40' title='bbox 77 919 221 998; x_wconf 77' lang='lat' dir='ltr'><strong>potuisse.</strong></span> <span class='ocrx_word' id='word_1_41' title='bbox 262 918 381 977; x_wconf 82' lang='lat' dir='ltr'><strong>Etenim</strong></span> <span class='ocrx_word' id='word_1_42' title='bbox 404 916 429 976; x_wconf 90' lang='lat' dir='ltr'><strong>si</strong></span> <span class='ocrx_word' id='word_1_43' title='bbox 451 915 543 996; x_wconf 87' lang='lat' dir='ltr'><strong>gestis</strong></span> <span class='ocrx_word' id='word_1_44' title='bbox 564 915 625 974; x_wconf 92' lang='lat' dir='ltr'><strong>illis</strong></span> <span class='ocrx_word' id='word_1_45' title='bbox 645 916 733 974; x_wconf 89' lang='lat' dir='ltr'><strong>rebus</strong></span> <span class='ocrx_word' id='word_1_46' title='bbox 756 915 855 974; x_wconf 88' lang='lat' dir='ltr'><strong>statim</strong></span> <span class='ocrx_word' id='word_1_47' title='bbox 877 934 951 993; x_wconf 85' lang='lat' dir='ltr'><strong>opus</strong></span> <span class='ocrx_word' id='word_1_48' title='bbox 979 917 1112 995; x_wconf 88' lang='lat' dir='ltr'><strong>incipere</strong></span> <span class='ocrx_word' id='word_1_49' title='bbox 1132 916 1285 988; x_wconf 81' lang='lat' dir='ltr'><strong>voluisset,</strong></span> 
     </span>
     <span class='ocr_line' id='line_1_7' title="bbox 78 1015 1286 1097; baseline -0.003 -15"><span class='ocrx_word' id='word_1_50' title='bbox 78 1023 160 1082; x_wconf 90' lang='lat' dir='ltr'><strong>nullo</strong></span> <span class='ocrx_word' id='word_1_51' title='bbox 181 1021 270 1081; x_wconf 92' lang='lat' dir='ltr'><strong>modo</strong></span> <span class='ocrx_word' id='word_1_52' title='bbox 291 1015 433 1080; x_wconf 84' lang='lat' dir='ltr'><strong>Antiochi</strong></span> <span class='ocrx_word' id='word_1_53' title='bbox 453 1019 547 1078; x_wconf 89' lang='lat' dir='ltr'><strong>libros</strong></span> <span class='ocrx_word' id='word_1_54' title='bbox 569 1018 608 1077; x_wconf 90' lang='lat' dir='ltr'><strong>ad</strong></span> <span class='ocrx_word' id='word_1_55' title='bbox 629 1036 733 1077; x_wconf 90' lang='lat' dir='ltr'><strong>manus</strong></span> <span class='ocrx_word' id='word_1_56' title='bbox 754 1019 864 1077; x_wconf 91' lang='lat' dir='ltr'><strong>habere</strong></span> <span class='ocrx_word' id='word_1_57' title='bbox 885 1019 1047 1095; x_wconf 89' lang='lat' dir='ltr'><strong>potuisset,</strong></span> <span class='ocrx_word' id='word_1_58' title='bbox 1077 1019 1186 1097; x_wconf 88' lang='lat' dir='ltr'><strong>quippe</strong></span> <span class='ocrx_word' id='word_1_59' title='bbox 1212 1037 1286 1097; x_wconf 94' lang='lat' dir='ltr'><strong>quos</strong></span> 
     </span>
     <span class='ocr_line' id='line_1_8' title="bbox 77 1119 1287 1203; baseline -0.005 -17"><span class='ocrx_word' id='word_1_60' title='bbox 77 1142 172 1203; x_wconf 84' lang='lat' dir='ltr'><strong>usque</strong></span> <span class='ocrx_word' id='word_1_61' title='bbox 192 1122 231 1183; x_wconf 87' lang='lat' dir='ltr'><strong>ad</strong></span> <span class='ocrx_word' id='word_1_62' title='bbox 247 1142 360 1182; x_wconf 90' lang='lat' dir='ltr'><strong>annum</strong></span> <span class='ocrx_word' id='word_1_63' title='bbox 383 1119 549 1181; x_wconf 81' lang='lat' dir='ltr'>OGCCXX</span> <span class='ocrx_word' id='word_1_64' title='bbox 569 1120 673 1180; x_wconf 90' lang='lat' dir='ltr'><strong>saltem</strong></span> <span class='ocrx_word' id='word_1_65' title='bbox 696 1138 756 1179; x_wconf 92' lang='lat' dir='ltr'><strong>non</strong></span> <span class='ocrx_word' id='word_1_66' title='bbox 778 1120 875 1180; x_wconf 91' lang='lat' dir='ltr'><strong>editos</strong></span> <span class='ocrx_word' id='word_1_67' title='bbox 896 1120 988 1181; x_wconf 83' lang='lat' dir='ltr'><strong>fuisse</strong></span> <span class='ocrx_word' id='word_1_68' title='bbox 1009 1121 1194 1182; x_wconf 86' lang='lat' dir='ltr'><strong>Woelfflinus</strong></span> <span class='ocrx_word' id='word_1_69' title='bbox 1221 1122 1287 1200; x_wconf 86' lang='lat' dir='ltr'><strong>ipse</strong></span> 
     </span>
     <span class='ocr_line' id='line_1_9' title="bbox 80 1223 1289 1286; baseline -0.002 -1"><span class='ocrx_word' id='word_1_70' title='bbox 80 1225 232 1286; x_wconf 90' lang='lat' dir='ltr'><strong>concedat.</strong></span> <span class='ocrx_word' id='word_1_71' title='bbox 274 1228 321 1285; x_wconf 89' lang='lat' dir='ltr'><strong>Ac</strong></span> <span class='ocrx_word' id='word_1_72' title='bbox 342 1244 412 1284; x_wconf 90' lang='lat' dir='ltr'><strong>num</strong></span> <span class='ocrx_word' id='word_1_73' title='bbox 434 1224 587 1283; x_wconf 83' lang='lat' dir='ltr'><strong>credamus</strong></span> <span class='ocrx_word' id='word_1_74' title='bbox 609 1229 757 1280; x_wconf 86' lang='lat' dir='ltr'><strong>recentem</strong></span> <span class='ocrx_word' id='word_1_75' title='bbox 784 1229 845 1280; x_wconf 88' lang='lat' dir='ltr'><strong>tum</strong></span> <span class='ocrx_word' id='word_1_76' title='bbox 872 1223 1025 1282; x_wconf 80' lang='lat' dir='ltr'><strong>historiam</strong></span> <span class='ocrx_word' id='word_1_77' title='bbox 1048 1223 1179 1286; x_wconf 87' lang='lat' dir='ltr'><strong>Siculam</strong></span> <span class='ocrx_word' id='word_1_78' title='bbox 1206 1224 1289 1283; x_wconf 90' lang='lat' dir='ltr'><strong>illam</strong></span> 
     </span>
     <span class='ocr_line' id='line_1_10' title="bbox 80 1323 1289 1404; baseline -0.001 -18"><span class='ocrx_word' id='word_1_79' title='bbox 80 1326 162 1387; x_wconf 93' lang='lat' dir='ltr'><strong>illico</strong></span> <span class='ocrx_word' id='word_1_80' title='bbox 183 1327 211 1386; x_wconf 92' lang='lat' dir='ltr'><strong>ei</strong></span> <span class='ocrx_word' id='word_1_81' title='bbox 232 1326 323 1387; x_wconf 84' lang='lat' dir='ltr'><strong>luisse</strong></span> <span class='ocrx_word' id='word_1_82' title='bbox 345 1334 375 1384; x_wconf 89' lang='lat' dir='ltr'><strong>et</strong></span> <span class='ocrx_word' id='word_1_83' title='bbox 402 1334 503 1386; x_wconf 91' lang='lat' dir='ltr'><strong>notam</strong></span> <span class='ocrx_word' id='word_1_84' title='bbox 532 1333 563 1384; x_wconf 92' lang='lat' dir='ltr'><strong>et</strong></span> <span class='ocrx_word' id='word_1_85' title='bbox 589 1325 629 1383; x_wconf 89' lang='lat' dir='ltr'><strong>ad</strong></span> <span class='ocrx_word' id='word_1_86' title='bbox 656 1324 782 1384; x_wconf 74' lang='lat' dir='ltr'><strong>manus?</strong></span> <span class='ocrx_word' id='word_1_87' title='bbox 825 1323 1008 1403; x_wconf 81' lang='lat' dir='ltr'><strong>Quamquam</strong></span> <span class='ocrx_word' id='word_1_88' title='bbox 1035 1327 1097 1400; x_wconf 88' lang='lat' dir='ltr'><strong>jam</strong></span> <span class='ocrx_word' id='word_1_89' title='bbox 1127 1335 1215 1385; x_wconf 88' lang='lat' dir='ltr'><strong>antea</strong></span> <span class='ocrx_word' id='word_1_90' title='bbox 1235 1347 1289 1404; x_wconf 92' lang='lat' dir='ltr'><strong>po·</strong></span> 
     </span>
     <span class='ocr_line' id='line_1_11' title="bbox 82 1426 1289 1503; baseline 0 -14"><span class='ocrx_word' id='word_1_91' title='bbox 82 1449 198 1490; x_wconf 90' lang='lat' dir='ltr'><strong>sueram</strong></span> <span class='ocrx_word' id='word_1_92' title='bbox 219 1428 252 1488; x_wconf 90' lang='lat' dir='ltr'><strong>iu</strong></span> <span class='ocrx_word' id='word_1_93' title='bbox 266 1426 370 1490; x_wconf 80' lang='lat' dir='ltr'><strong>Sicilia</strong></span> <span class='ocrx_word' id='word_1_94' title='bbox 389 1435 557 1488; x_wconf 86' lang='lat' dir='ltr'><strong>versantem</strong></span> <span class='ocrx_word' id='word_1_95' title='bbox 576 1445 652 1498; x_wconf 89' lang='lat' dir='ltr'><strong>cum,</strong></span> <span class='ocrx_word' id='word_1_96' title='bbox 674 1426 790 1485; x_wconf 91' lang='lat' dir='ltr'><strong>scilicet</strong></span> <span class='ocrx_word' id='word_1_97' title='bbox 803 1434 873 1503; x_wconf 91' lang='lat' dir='ltr'><strong>post</strong></span> <span class='ocrx_word' id='word_1_98' title='bbox 892 1446 1000 1486; x_wconf 89' lang='lat' dir='ltr'><strong>annum</strong></span> <span class='ocrx_word' id='word_1_99' title='bbox 1015 1426 1196 1488; x_wconf 85' lang='lat' dir='ltr'><strong>ccccxm</strong></span> <span class='ocrx_word' id='word_1_100' title='bbox 1209 1427 1289 1489; x_wconf 89' lang='lat' dir='ltr'><strong>bello</strong></span> 
     </span>
     <span class='ocr_line' id='line_1_12' title="bbox 82 1527 1290 1609; baseline -0.002 -16"><span class='ocrx_word' id='word_1_101' title='bbox 82 1529 272 1609; x_wconf 85' lang='lat' dir='ltr'><strong>Syracusano</strong></span> <span class='ocrx_word' id='word_1_102' title='bbox 292 1530 387 1604; x_wconf 88' lang='lat' dir='ltr'><strong>finito,</strong></span> <span class='ocrx_word' id='word_1_103' title='bbox 409 1537 439 1588; x_wconf 91' lang='lat' dir='ltr'><strong>et</strong></span> <span class='ocrx_word' id='word_1_104' title='bbox 458 1528 612 1589; x_wconf 82' lang='lat' dir='ltr'><strong>historiam</strong></span> <span class='ocrx_word' id='word_1_105' title='bbox 633 1527 714 1586; x_wconf 90' lang='lat' dir='ltr'><strong>illam</strong></span> <span class='ocrx_word' id='word_1_106' title='bbox 736 1535 766 1586; x_wconf 94' lang='lat' dir='ltr'><strong>et</strong></span> <span class='ocrx_word' id='word_1_107' title='bbox 786 1528 883 1605; x_wconf 89' lang='lat' dir='ltr'><strong>ipsum</strong></span> <span class='ocrx_word' id='word_1_108' title='bbox 911 1537 1061 1588; x_wconf 86' lang='lat' dir='ltr'><strong>auctorem</strong></span> <span class='ocrx_word' id='word_1_109' title='bbox 1082 1531 1159 1590; x_wconf 81' lang='lat' dir='ltr'><strong>forte</strong></span> <span class='ocrx_word' id='word_1_110' title='bbox 1179 1549 1290 1608; x_wconf 90' lang='lat' dir='ltr'><strong>coguo-</strong></span> 
     </span>
     <span class='ocr_line' id='line_1_13' title="bbox 78 1629 1290 1710; baseline 0 -18"><span class='ocrx_word' id='word_1_111' title='bbox 78 1633 171 1694; x_wconf 85' lang='lat' dir='ltr'><strong>uisse.</strong></span> <span class='ocrx_word' id='word_1_112' title='bbox 213 1629 275 1694; x_wconf 87' lang='lat' dir='ltr'><strong>Sed</strong></span> <span class='ocrx_word' id='word_1_113' title='bbox 294 1631 366 1692; x_wconf 81' lang='lat' dir='ltr'><strong>licat</strong></span> <span class='ocrx_word' id='word_1_114' title='bbox 383 1631 423 1692; x_wconf 80' lang='lat' dir='ltr'><strong>ad</strong></span> <span class='ocrx_word' id='word_1_115' title='bbox 443 1647 549 1691; x_wconf 87' lang='lat' dir='ltr'><strong>manus</strong></span> <span class='ocrx_word' id='word_1_116' title='bbox 570 1648 636 1689; x_wconf 86' lang='lat' dir='ltr'><strong>eam</strong></span> <span class='ocrx_word' id='word_1_117' title='bbox 657 1629 808 1690; x_wconf 79' lang='lat' dir='ltr'><strong>habuerit:</strong></span> <span class='ocrx_word' id='word_1_118' title='bbox 834 1650 935 1691; x_wconf 88' lang='lat' dir='ltr'><strong>noune</strong></span> <span class='ocrx_word' id='word_1_119' title='bbox 954 1631 1023 1709; x_wconf 89' lang='lat' dir='ltr'><strong>ipsa</strong></span> <span class='ocrx_word' id='word_1_120' title='bbox 1042 1633 1190 1710; x_wconf 79' lang='lat' dir='ltr'><strong>probitate</strong></span> <span class='ocrx_word' id='word_1_121' title='bbox 1211 1632 1290 1692; x_wconf 83' lang='lat' dir='ltr'><strong>Thu·</strong></span> 
     </span>
     <span class='ocr_line' id='line_1_14' title="bbox 82 1733 1292 1815; baseline 0.002 -23"><span class='ocrx_word' id='word_1_122' title='bbox 82 1734 208 1812; x_wconf 84' lang='lat' dir='ltr'><strong>cydidas</strong></span> <span class='ocrx_word' id='word_1_123' title='bbox 228 1733 378 1814; x_wconf 84' lang='lat' dir='ltr'><strong>prohiberi</strong></span> <span class='ocrx_word' id='word_1_124' title='bbox 399 1740 526 1812; x_wconf 82' lang='lat' dir='ltr'><strong>poterat,</strong></span> <span class='ocrx_word' id='word_1_125' title='bbox 548 1753 604 1806; x_wconf 92' lang='lat' dir='ltr'><strong>ne,</strong></span> <span class='ocrx_word' id='word_1_126' title='bbox 631 1751 689 1810; x_wconf 89' lang='lat' dir='ltr'><strong>quo</strong></span> <span class='ocrx_word' id='word_1_127' title='bbox 710 1733 788 1793; x_wconf 83' lang='lat' dir='ltr'><strong>libro</strong></span> <span class='ocrx_word' id='word_1_128' title='bbox 814 1741 948 1796; x_wconf 84' lang='lat' dir='ltr'><strong>recentes</strong></span> <span class='ocrx_word' id='word_1_129' title='bbox 975 1734 1046 1794; x_wconf 91' lang='lat' dir='ltr'><strong>illae</strong></span> <span class='ocrx_word' id='word_1_130' title='bbox 1074 1753 1192 1815; x_wconf 81' lang='lat' dir='ltr'><strong>pugnae</strong></span> <span class='ocrx_word' id='word_1_131' title='bbox 1220 1754 1292 1795; x_wconf 91' lang='lat' dir='ltr'><strong>con·</strong></span> 
     </span>
     <span class='ocr_line' id='line_1_15' title="bbox 79 1835 1294 1914; baseline 0.001 -18"><span class='ocrx_word' id='word_1_132' title='bbox 79 1835 250 1896; x_wconf 77' lang='lat' dir='ltr'><strong>&#39;timebantur</strong></span> <span class='ocrx_word' id='word_1_133' title='bbox 271 1835 455 1912; x_wconf 85' lang='lat' dir='ltr'><strong>descriptae,</strong></span> <span class='ocrx_word' id='word_1_134' title='bbox 489 1855 524 1894; x_wconf 92' lang='lat' dir='ltr'><strong>eo</strong></span> <span class='ocrx_word' id='word_1_135' title='bbox 554 1836 619 1914; x_wconf 89' lang='lat' dir='ltr'><strong>ipse</strong></span> <span class='ocrx_word' id='word_1_136' title='bbox 647 1842 777 1894; x_wconf 88' lang='lat' dir='ltr'><strong>uteretur</strong></span> <span class='ocrx_word' id='word_1_137' title='bbox 806 1836 926 1896; x_wconf 87' lang='lat' dir='ltr'><strong>easdem</strong></span> <span class='ocrx_word' id='word_1_138' title='bbox 957 1836 1153 1897; x_wconf 78' lang='lat' dir='ltr'><strong>tractaturus?</strong></span> <span class='ocrx_word' id='word_1_139' title='bbox 1184 1836 1294 1898; x_wconf 85' lang='lat' dir='ltr'><strong>Nonne</strong></span> 
     </span>
     <span class='ocr_line' id='line_1_16' title="bbox 81 1936 1292 2016; baseline 0.002 -18"><span class='ocrx_word' id='word_1_140' title='bbox 81 1936 222 1998; x_wconf 75' lang='lat' dir='ltr'><strong>dedecorl</strong></span> <span class='ocrx_word' id='word_1_141' title='bbox 241 1936 272 1996; x_wconf 87' lang='lat' dir='ltr'><strong>ei</strong></span> <span class='ocrx_word' id='word_1_142' title='bbox 293 1945 359 1996; x_wconf 86' lang='lat' dir='ltr'><strong>erat</strong></span> <span class='ocrx_word' id='word_1_143' title='bbox 379 1936 541 2016; x_wconf 88' lang='lat' dir='ltr'><strong>compilare</strong></span> <span class='ocrx_word' id='word_1_144' title='bbox 561 1938 790 1998; x_wconf 86' lang='lat' dir='ltr'><strong>novissimorum</strong></span> <span class='ocrx_word' id='word_1_145' title='bbox 810 1946 976 2016; x_wconf 90' lang='lat' dir='ltr'><strong>temporum</strong></span> <span class='ocrx_word' id='word_1_146' title='bbox 996 1939 1136 2001; x_wconf 88' lang='lat' dir='ltr'><strong>historias</strong></span> <span class='ocrx_word' id='word_1_147' title='bbox 1149 1941 1239 2000; x_wconf 84' lang='lat' dir='ltr'><strong>modo</strong></span> <span class='ocrx_word' id='word_1_148' title='bbox 1261 1940 1292 2000; x_wconf 91' lang='lat' dir='ltr'><strong>in</strong></span> 
     </span>
     <span class='ocr_line' id='line_1_17' title="bbox 80 2037 1294 2120; baseline 0.002 -20"><span class='ocrx_word' id='word_1_149' title='bbox 80 2041 232 2120; x_wconf 87' lang='lat' dir='ltr'><strong>publicum</strong></span> <span class='ocrx_word' id='word_1_150' title='bbox 253 2037 360 2099; x_wconf 75' lang='lat' dir='ltr'><strong>datas?</strong></span> <span class='ocrx_word' id='word_1_151' title='bbox 389 2039 469 2101; x_wconf 87' lang='lat' dir='ltr'><strong>Nam</strong></span> <span class='ocrx_word' id='word_1_152' title='bbox 491 2060 548 2120; x_wconf 86' lang='lat' dir='ltr'><strong>ego</strong></span> <span class='ocrx_word' id='word_1_153' title='bbox 570 2041 688 2119; x_wconf 90' lang='lat' dir='ltr'><strong>quidem</strong></span> <span class='ocrx_word' id='word_1_154' title='bbox 711 2041 811 2113; x_wconf 90' lang='lat' dir='ltr'><strong>credo,</strong></span> <span class='ocrx_word' id='word_1_155' title='bbox 831 2060 1012 2119; x_wconf 89' lang='lat' dir='ltr'><strong>quamquam</strong></span> <span class='ocrx_word' id='word_1_156' title='bbox 1032 2042 1064 2100; x_wconf 91' lang='lat' dir='ltr'><strong>in</strong></span> <span class='ocrx_word' id='word_1_157' title='bbox 1088 2042 1217 2102; x_wconf 89' lang='lat' dir='ltr'><strong>omnium</strong></span> <span class='ocrx_word' id='word_1_158' title='bbox 1236 2062 1294 2102; x_wconf 87' lang='lat' dir='ltr'><strong>usu</strong></span> 
     </span>
     <span class='ocr_line' id='line_1_18' title="bbox 83 2142 1295 2223; baseline 0.003 -21"><span class='ocrx_word' id='word_1_159' title='bbox 83 2142 307 2219; x_wconf 66' lang='lat' dir='ltr'><strong>oraculorum</strong></span> <span class='ocrx_word' id='word_1_160' title='bbox 326 2142 420 2202; x_wconf 89' lang='lat' dir='ltr'><strong>libros</strong></span> <span class='ocrx_word' id='word_1_161' title='bbox 442 2143 507 2202; x_wconf 89' lang='lat' dir='ltr'><strong>sine</strong></span> <span class='ocrx_word' id='word_1_162' title='bbox 526 2142 598 2203; x_wconf 82' lang='lat' dir='ltr'><strong>vitio</strong></span> <span class='ocrx_word' id='word_1_163' title='bbox 627 2143 784 2204; x_wconf 90' lang='lat' dir='ltr'><strong>commisso</strong></span> <span class='ocrx_word' id='word_1_164' title='bbox 812 2144 959 2203; x_wconf 86' lang='lat' dir='ltr'><strong>interdum</strong></span> <span class='ocrx_word' id='word_1_165' title='bbox 989 2145 1165 2223; x_wconf 83' lang='lat' dir='ltr'><strong>compilare,</strong></span> <span class='ocrx_word' id='word_1_166' title='bbox 1195 2154 1295 2206; x_wconf 88' lang='lat' dir='ltr'><strong>tamen</strong></span> 
     </span>
     <span class='ocr_line' id='line_1_19' title="bbox 82 2245 1294 2324; baseline 0.001 -16"><span class='ocrx_word' id='word_1_167' title='bbox 82 2246 210 2308; x_wconf 75' lang='lat' dir='ltr'><strong>fabarum</strong></span> <span class='ocrx_word' id='word_1_168' title='bbox 229 2245 331 2317; x_wconf 81' lang='lat' dir='ltr'><strong>fuisse,</strong></span> <span class='ocrx_word' id='word_1_169' title='bbox 351 2253 384 2304; x_wconf 90' lang='lat' dir='ltr'><strong>ut</strong></span> <span class='ocrx_word' id='word_1_170' title='bbox 404 2245 453 2304; x_wconf 85' lang='lat' dir='ltr'><strong>rel</strong></span> <span class='ocrx_word' id='word_1_171' title='bbox 473 2247 539 2324; x_wconf 89' lang='lat' dir='ltr'><strong>ipse</strong></span> <span class='ocrx_word' id='word_1_172' title='bbox 559 2245 728 2307; x_wconf 86' lang='lat' dir='ltr'><strong>levissimus</strong></span> <span class='ocrx_word' id='word_1_173' title='bbox 745 2266 845 2306; x_wconf 88' lang='lat' dir='ltr'><strong>rerum</strong></span> <span class='ocrx_word' id='word_1_174' title='bbox 868 2247 996 2324; x_wconf 90' lang='lat' dir='ltr'><strong>scriptor</strong></span> <span class='ocrx_word' id='word_1_175' title='bbox 1011 2248 1159 2308; x_wconf 90' lang='lat' dir='ltr'><strong>omitteret</strong></span> <span class='ocrx_word' id='word_1_176' title='bbox 1180 2265 1220 2308; x_wconf 86' lang='lat' dir='ltr'><strong>ex</strong></span> <span class='ocrx_word' id='word_1_177' title='bbox 1240 2248 1294 2309; x_wconf 92' lang='lat' dir='ltr'><strong>illo</strong></span> 
     </span>
     <span class='ocr_line' id='line_1_20' title="bbox 81 2347 1295 2429; baseline 0.004 -22"><span class='ocrx_word' id='word_1_178' title='bbox 81 2348 161 2408; x_wconf 90' lang='lat' dir='ltr'><strong>libro</strong></span> <span class='ocrx_word' id='word_1_179' title='bbox 181 2349 270 2408; x_wconf 86' lang='lat' dir='ltr'><strong>mado</strong></span> <span class='ocrx_word' id='word_1_180' title='bbox 293 2347 373 2408; x_wconf 88' lang='lat' dir='ltr'><strong>edito</strong></span> <span class='ocrx_word' id='word_1_181' title='bbox 396 2347 452 2408; x_wconf 89' lang='lat' dir='ltr'><strong>sibi</strong></span> <span class='ocrx_word' id='word_1_182' title='bbox 473 2347 532 2426; x_wconf 90' lang='lat' dir='ltr'><strong>ipsi</strong></span> <span class='ocrx_word' id='word_1_183' title='bbox 554 2347 715 2427; x_wconf 87' lang='lat' dir='ltr'><strong>quidquam</strong></span> <span class='ocrx_word' id='word_1_184' title='bbox 735 2348 872 2428; x_wconf 86' lang='lat' dir='ltr'><strong>haurire,</strong></span> <span class='ocrx_word' id='word_1_185' title='bbox 901 2365 940 2407; x_wconf 90' lang='lat' dir='ltr'><strong>ne</strong></span> <span class='ocrx_word' id='word_1_186' title='bbox 970 2348 1067 2408; x_wconf 89' lang='lat' dir='ltr'><strong>dicam</strong></span> <span class='ocrx_word' id='word_1_187' title='bbox 1095 2350 1295 2429; x_wconf 81' lang='lat' dir='ltr'><strong>Thucydides.</strong></span> 
     </span>
     <span class='ocr_line' id='line_1_21' title="bbox 84 2448 1130 2532; baseline -0.002 -21"><span class='ocrx_word' id='word_1_188' title='bbox 84 2449 177 2527; x_wconf 77' lang='lat' dir='ltr'><strong>Cujus</strong></span> <span class='ocrx_word' id='word_1_189' title='bbox 198 2451 316 2530; x_wconf 87' lang='lat' dir='ltr'><strong>quidem</strong></span> <span class='ocrx_word' id='word_1_190' title='bbox 337 2470 398 2510; x_wconf 90' lang='lat' dir='ltr'><strong>non</strong></span> <span class='ocrx_word' id='word_1_191' title='bbox 418 2448 510 2511; x_wconf 82' lang='lat' dir='ltr'><strong>fuisse</strong></span> <span class='ocrx_word' id='word_1_192' title='bbox 530 2450 603 2510; x_wconf 91' lang='lat' dir='ltr'><strong>mihi</strong></span> <span class='ocrx_word' id='word_1_193' title='bbox 623 2450 740 2510; x_wconf 83' lang='lat' dir='ltr'><strong>videtur</strong></span> <span class='ocrx_word' id='word_1_194' title='bbox 761 2451 868 2512; x_wconf 87' lang='lat' dir='ltr'><strong>alienis</strong></span> <span class='ocrx_word' id='word_1_195' title='bbox 890 2451 1013 2532; x_wconf 82' lang='lat' dir='ltr'><strong>gloriari</strong></span> <span class='ocrx_word' id='word_1_196' title='bbox 1034 2451 1130 2512; x_wconf 83' lang='lat' dir='ltr'><strong>bonis.</strong></span> 
     </span>
    </p>

    <p class='ocr_par' dir='ltr' id='par_1_4' title="bbox 168 2550 638 2631">
     <span class='ocr_line' id='line_1_22' title="bbox 168 2550 638 2631; baseline -0.006 -16"><span class='ocrx_word' id='word_1_197' title='bbox 168 2550 231 2615; x_wconf 87' lang='lat' dir='ltr'><strong>Sed</strong></span> <span class='ocrx_word' id='word_1_198' title='bbox 250 2554 326 2613; x_wconf 88' lang='lat' dir='ltr'><strong>haec</strong></span> <span class='ocrx_word' id='word_1_199' title='bbox 347 2553 465 2631; x_wconf 92' lang='lat' dir='ltr'><strong>quidem</strong></span> <span class='ocrx_word' id='word_1_200' title='bbox 486 2555 638 2614; x_wconf 90' lang='lat' dir='ltr'><strong>hactenus.</strong></span> 
     </span>
    </p>

    <p class='ocr_par' dir='ltr' id='par_1_5' title="bbox 40 2651 1303 4173">
     <span class='ocr_line' id='line_1_23' title="bbox 168 2651 1294 2734; baseline 0.001 -19"><span class='ocrx_word' id='word_1_201' title='bbox 168 2653 260 2715; x_wconf 90' lang='lat' dir='ltr'><strong>Dicat</strong></span> <span class='ocrx_word' id='word_1_202' title='bbox 279 2655 407 2718; x_wconf 79' lang='lat' dir='ltr'><strong>fortasse</strong></span> <span class='ocrx_word' id='word_1_203' title='bbox 428 2656 536 2734; x_wconf 88' lang='lat' dir='ltr'><strong>aliquis</strong></span> <span class='ocrx_word' id='word_1_204' title='bbox 551 2677 598 2716; x_wconf 87' lang='lat' dir='ltr'><strong>me</strong></span> <span class='ocrx_word' id='word_1_205' title='bbox 611 2676 673 2716; x_wconf 89' lang='lat' dir='ltr'><strong>noa</strong></span> <span class='ocrx_word' id='word_1_206' title='bbox 687 2656 745 2716; x_wconf 90' lang='lat' dir='ltr'><strong>nisi</strong></span> <span class='ocrx_word' id='word_1_207' title='bbox 759 2656 865 2716; x_wconf 91' lang='lat' dir='ltr'><strong>odioso</strong></span> <span class='ocrx_word' id='word_1_208' title='bbox 881 2655 1011 2734; x_wconf 87' lang='lat' dir='ltr'><strong>quodam</strong></span> <span class='ocrx_word' id='word_1_209' title='bbox 1027 2656 1182 2716; x_wconf 85' lang='lat' dir='ltr'><strong>refellendi</strong></span> <span class='ocrx_word' id='word_1_210' title='bbox 1196 2651 1294 2718; x_wconf 86' lang='lat' dir='ltr'><strong>studio</strong></span> 
     </span>
     <span class='ocr_line' id='line_1_24' title="bbox 82 2755 1298 2840; baseline 0.002 -23"><span class='ocrx_word' id='word_1_211' title='bbox 82 2758 188 2819; x_wconf 77' lang='lat' dir='ltr'><strong>invehi</strong></span> <span class='ocrx_word' id='word_1_212' title='bbox 207 2757 240 2818; x_wconf 86' lang='lat' dir='ltr'><strong>ia</strong></span> <span class='ocrx_word' id='word_1_213' title='bbox 261 2757 423 2818; x_wconf 85' lang='lat' dir='ltr'><strong>Woelfflini</strong></span> <span class='ocrx_word' id='word_1_214' title='bbox 446 2758 637 2837; x_wconf 83' lang='lat' dir='ltr'><strong>quaestiones</strong></span> <span class='ocrx_word' id='word_1_215' title='bbox 659 2755 788 2837; x_wconf 86' lang='lat' dir='ltr'><strong>quodam</strong></span> <span class='ocrx_word' id='word_1_216' title='bbox 809 2759 899 2819; x_wconf 89' lang='lat' dir='ltr'><strong>modo</strong></span> <span class='ocrx_word' id='word_1_217' title='bbox 922 2759 1072 2840; x_wconf 69' lang='lat' dir='ltr'><strong>egregiam</strong></span> <span class='ocrx_word' id='word_1_218' title='bbox 1099 2779 1157 2838; x_wconf 95' lang='lat' dir='ltr'><strong>quo</strong></span> <span class='ocrx_word' id='word_1_219' title='bbox 1180 2759 1298 2838; x_wconf 90' lang='lat' dir='ltr'><strong>quidem</strong></span> 
     </span>
     <span class='ocr_line' id='line_1_25' title="bbox 81 2859 1297 2943; baseline 0.001 -24"><span class='ocrx_word' id='word_1_220' title='bbox 81 2859 216 2940; x_wconf 77' lang='lat' dir='ltr'><strong>negandi</strong></span> <span class='ocrx_word' id='word_1_221' title='bbox 234 2860 335 2943; x_wconf 63' lang='lat' dir='ltr'><strong>‘studio</strong></span> <span class='ocrx_word' id='word_1_222' title='bbox 356 2860 459 2921; x_wconf 89' lang='lat' dir='ltr'><strong>nescio</strong></span> <span class='ocrx_word' id='word_1_223' title='bbox 482 2880 570 2940; x_wconf 85' lang='lat' dir='ltr'><strong>quam</strong></span> <span class='ocrx_word' id='word_1_224' title='bbox 591 2861 684 2921; x_wconf 87' lang='lat' dir='ltr'><strong>multa</strong></span> <span class='ocrx_word' id='word_1_225' title='bbox 704 2861 860 2922; x_wconf 89' lang='lat' dir='ltr'><strong>nocuerint</strong></span> <span class='ocrx_word' id='word_1_226' title='bbox 878 2869 1011 2921; x_wconf 85' lang='lat' dir='ltr'><strong>veterum</strong></span> <span class='ocrx_word' id='word_1_227' title='bbox 1029 2862 1222 2940; x_wconf 86' lang='lat' dir='ltr'><strong>scriptoribus</strong></span> <span class='ocrx_word' id='word_1_228' title='bbox 1236 2877 1297 2922; x_wconf 87' lang='lat' dir='ltr'><strong>non</strong></span> 
     </span>
     <span class='ocr_line' id='line_1_26' title="bbox 79 2961 1296 3042; baseline -0.001 -19"><span class='ocrx_word' id='word_1_229' title='bbox 79 2961 183 3023; x_wconf 21' lang='lat' dir='ltr'><strong>,solum</strong></span> <span class='ocrx_word' id='word_1_230' title='bbox 202 2962 337 3024; x_wconf 90' lang='lat' dir='ltr'><strong>homiues</strong></span> <span class='ocrx_word' id='word_1_231' title='bbox 356 2962 388 3022; x_wconf 91' lang='lat' dir='ltr'><strong>in</strong></span> <span class='ocrx_word' id='word_1_232' title='bbox 409 2964 515 3025; x_wconf 86' lang='lat' dir='ltr'><strong>litteris</strong></span> <span class='ocrx_word' id='word_1_233' title='bbox 530 2964 612 3037; x_wconf 86' lang='lat' dir='ltr'><strong>novi,</strong></span> <span class='ocrx_word' id='word_1_234' title='bbox 626 2965 680 3024; x_wconf 89' lang='lat' dir='ltr'><strong>sed</strong></span> <span class='ocrx_word' id='word_1_235' title='bbox 695 2964 784 3023; x_wconf 89' lang='lat' dir='ltr'><strong>etiam</strong></span> <span class='ocrx_word' id='word_1_236' title='bbox 797 2964 934 3028; x_wconf 84' lang='lat' dir='ltr'><strong>veterati.</strong></span> <span class='ocrx_word' id='word_1_237' title='bbox 968 2966 1107 3024; x_wconf 83' lang='lat' dir='ltr'><strong>Attamen</strong></span> <span class='ocrx_word' id='word_1_238' title='bbox 1123 2983 1296 3042; x_wconf 89' lang='lat' dir='ltr'><strong>persuasum</strong></span> 
     </span>
     <span class='ocr_line' id='line_1_27' title="bbox 83 3061 1298 3145; baseline 0 -20"><span class='ocrx_word' id='word_1_239' title='bbox 83 3065 160 3125; x_wconf 88' lang='lat' dir='ltr'><strong>mihi</strong></span> <span class='ocrx_word' id='word_1_240' title='bbox 181 3073 227 3125; x_wconf 89' lang='lat' dir='ltr'><strong>eat</strong></span> <span class='ocrx_word' id='word_1_241' title='bbox 246 3065 355 3125; x_wconf 76' lang='lat' dir='ltr'><strong>frustm</strong></span> <span class='ocrx_word' id='word_1_242' title='bbox 375 3066 575 3127; x_wconf 86' lang='lat' dir='ltr'><strong>Woelfflinum</strong></span> <span class='ocrx_word' id='word_1_243' title='bbox 596 3061 761 3139; x_wconf 86' lang='lat' dir='ltr'><strong>laborasse,</strong></span> <span class='ocrx_word' id='word_1_244' title='bbox 780 3074 815 3124; x_wconf 93' lang='lat' dir='ltr'><strong>ut</strong></span> <span class='ocrx_word' id='word_1_245' title='bbox 835 3067 1015 3144; x_wconf 81' lang='lat' dir='ltr'><strong>argumentis</strong></span> <span class='ocrx_word' id='word_1_246' title='bbox 1036 3069 1167 3126; x_wconf 90' lang='lat' dir='ltr'><strong>firmaret</strong></span> <span class='ocrx_word' id='word_1_247' title='bbox 1180 3067 1298 3145; x_wconf 79' lang='lat' dir='ltr'><strong>Thucy·</strong></span> 
     </span>
     <span class='ocr_line' id='line_1_28' title="bbox 83 3167 1298 3242; baseline 0.001 -15"><span class='ocrx_word' id='word_1_248' title='bbox 83 3167 187 3227; x_wconf 85' lang='lat' dir='ltr'><strong>didam</strong></span> <span class='ocrx_word' id='word_1_249' title='bbox 208 3167 344 3231; x_wconf 87' lang='lat' dir='ltr'><strong>omnibus</strong></span> <span class='ocrx_word' id='word_1_250' title='bbox 364 3168 424 3228; x_wconf 86' lang='lat' dir='ltr'><strong>illis</strong></span> <span class='ocrx_word' id='word_1_251' title='bbox 445 3169 521 3228; x_wconf 90' lang='lat' dir='ltr'><strong>locis</strong></span> <span class='ocrx_word' id='word_1_252' title='bbox 539 3168 602 3242; x_wconf 88' lang='lat'><strong>111,</strong></span> <span class='ocrx_word' id='word_1_253' title='bbox 631 3168 674 3228; x_wconf 86' lang='lat' dir='ltr'><strong>IV</strong></span> <span class='ocrx_word' id='word_1_254' title='bbox 696 3175 726 3228; x_wconf 92' lang='lat' dir='ltr'><strong>et</strong></span> <span class='ocrx_word' id='word_1_255' title='bbox 746 3167 789 3228; x_wconf 91' lang='lat' dir='ltr'><strong>VI</strong></span> <span class='ocrx_word' id='word_1_256' title='bbox 817 3169 1007 3228; x_wconf 88' lang='lat' dir='ltr'><strong>historiarum</strong></span> <span class='ocrx_word' id='word_1_257' title='bbox 1034 3170 1103 3230; x_wconf 84' lang='lat' dir='ltr'><strong>libri</strong></span> <span class='ocrx_word' id='word_1_258' title='bbox 1125 3189 1210 3229; x_wconf 90' lang='lat' dir='ltr'><strong>usum</strong></span> <span class='ocrx_word' id='word_1_259' title='bbox 1232 3187 1298 3229; x_wconf 89' lang='lat' dir='ltr'><strong>esse</strong></span> 
     </span>
     <span class='ocr_line' id='line_1_29' title="bbox 85 3269 1298 3350; baseline 0 -20"><span class='ocrx_word' id='word_1_260' title='bbox 85 3269 247 3330; x_wconf 86' lang='lat' dir='ltr'><strong>Antiocho.</strong></span> <span class='ocrx_word' id='word_1_261' title='bbox 288 3270 407 3330; x_wconf 87' lang='lat' dir='ltr'><strong>Etenim</strong></span> <span class='ocrx_word' id='word_1_262' title='bbox 427 3271 499 3330; x_wconf 90' lang='lat' dir='ltr'><strong>licet</strong></span> <span class='ocrx_word' id='word_1_263' title='bbox 520 3291 570 3344; x_wconf 90' lang='lat' dir='ltr'><strong>ea,</strong></span> <span class='ocrx_word' id='word_1_264' title='bbox 600 3291 677 3350; x_wconf 89' lang='lat' dir='ltr'><strong>quae</strong></span> <span class='ocrx_word' id='word_1_265' title='bbox 705 3272 743 3330; x_wconf 92' lang='lat' dir='ltr'><strong>de</strong></span> <span class='ocrx_word' id='word_1_266' title='bbox 765 3270 955 3332; x_wconf 84' lang='lat' dir='ltr'><strong>successione</strong></span> <span class='ocrx_word' id='word_1_267' title='bbox 982 3279 1145 3350; x_wconf 91' lang='lat' dir='ltr'><strong>temporum</strong></span> <span class='ocrx_word' id='word_1_268' title='bbox 1173 3274 1206 3330; x_wconf 93' lang='lat' dir='ltr'><strong>in</strong></span> <span class='ocrx_word' id='word_1_269' title='bbox 1228 3290 1298 3331; x_wconf 92' lang='lat' dir='ltr'><strong>con-</strong></span> 
     </span>
     <span class='ocr_line' id='line_1_30' title="bbox 87 3369 1299 3452; baseline 0.002 -22"><span class='ocrx_word' id='word_1_270' title='bbox 87 3371 194 3430; x_wconf 87' lang='lat' dir='ltr'><strong>dendis</strong></span> <span class='ocrx_word' id='word_1_271' title='bbox 216 3369 337 3433; x_wconf 84' lang='lat' dir='ltr'><strong>Siciliae</strong></span> <span class='ocrx_word' id='word_1_272' title='bbox 358 3373 479 3433; x_wconf 88' lang='lat' dir='ltr'><strong>urbibus</strong></span> <span class='ocrx_word' id='word_1_273' title='bbox 496 3372 622 3434; x_wconf 84' lang='lat' dir='ltr'><strong>Graecis</strong></span> <span class='ocrx_word' id='word_1_274' title='bbox 643 3374 807 3446; x_wconf 88' lang='lat' dir='ltr'><strong>traduntur,</strong></span> <span class='ocrx_word' id='word_1_275' title='bbox 829 3373 1048 3452; x_wconf 86' lang='lat' dir='ltr'><strong>Syracusanum</strong></span> <span class='ocrx_word' id='word_1_276' title='bbox 1068 3383 1219 3436; x_wconf 89' lang='lat' dir='ltr'><strong>auctorem</strong></span> <span class='ocrx_word' id='word_1_277' title='bbox 1239 3375 1299 3434; x_wconf 89' lang='lat' dir='ltr'><strong>for·</strong></span> 
     </span>
     <span class='ocr_line' id='line_1_31' title="bbox 86 3473 1301 3556; baseline 0.002 -24"><span class='ocrx_word' id='word_1_278' title='bbox 86 3473 429 3548; x_wconf 77' lang='lat' dir='ltr'><strong>tasseindicent31icet</strong></span> <span class='ocrx_word' id='word_1_279' title='bbox 452 3495 488 3535; x_wconf 91' lang='lat' dir='ltr'><strong>ca</strong></span> <span class='ocrx_word' id='word_1_280' title='bbox 508 3477 585 3554; x_wconf 90' lang='lat' dir='ltr'><strong>ipsa,</strong></span> <span class='ocrx_word' id='word_1_281' title='bbox 608 3495 684 3555; x_wconf 91' lang='lat' dir='ltr'><strong>quae</strong></span> <span class='ocrx_word' id='word_1_282' title='bbox 706 3477 743 3536; x_wconf 90' lang='lat' dir='ltr'><strong>de</strong></span> <span class='ocrx_word' id='word_1_283' title='bbox 764 3477 832 3536; x_wconf 88' lang='lat' dir='ltr'><strong>Itali</strong></span> <span class='ocrx_word' id='word_1_284' title='bbox 853 3477 933 3556; x_wconf 91' lang='lat' dir='ltr'><strong>regis</strong></span> <span class='ocrx_word' id='word_1_285' title='bbox 961 3478 1082 3537; x_wconf 91' lang='lat' dir='ltr'><strong>nomine</strong></span> <span class='ocrx_word' id='word_1_286' title='bbox 1107 3497 1241 3556; x_wconf 89' lang='lat' dir='ltr'><strong>quaeque</strong></span> <span class='ocrx_word' id='word_1_287' title='bbox 1263 3478 1301 3535; x_wconf 92' lang='lat' dir='ltr'><strong>de</strong></span> 
     </span>
     <span class='ocr_line' id='line_1_32' title="bbox 40 3574 1301 3658; baseline 0.002 -22"><span class='ocrx_word' id='word_1_288' title='bbox 40 3596 43 3600; x_wconf 89' lang='lat'>·</span> <span class='ocrx_word' id='word_1_289' title='bbox 88 3574 257 3636; x_wconf 90' lang='lat' dir='ltr'><strong>Siculorum</strong></span> <span class='ocrx_word' id='word_1_290' title='bbox 279 3577 473 3658; x_wconf 83' lang='lat' dir='ltr'><strong>emigratione</strong></span> <span class='ocrx_word' id='word_1_291' title='bbox 494 3581 533 3639; x_wconf 89' lang='lat' dir='ltr'><strong>ab</strong></span> <span class='ocrx_word' id='word_1_292' title='bbox 548 3579 653 3658; x_wconf 89' lang='lat' dir='ltr'><strong>Opicis</strong></span> <span class='ocrx_word' id='word_1_293' title='bbox 668 3581 859 3658; x_wconf 90' lang='lat' dir='ltr'><strong>depulsorum</strong></span> <span class='ocrx_word' id='word_1_294' title='bbox 872 3581 1062 3658; x_wconf 84' lang='lat' dir='ltr'><strong>Thucydides</strong></span> <span class='ocrx_word' id='word_1_295' title='bbox 1083 3580 1211 3658; x_wconf 86' lang='lat' dir='ltr'><strong>scripsit,</strong></span> <span class='ocrx_word' id='word_1_296' title='bbox 1235 3601 1301 3640; x_wconf 88' lang='lat' dir='ltr'><strong>oum</strong></span> 
     </span>
     <span class='ocr_line' id='line_1_33' title="bbox 86 3677 1299 3762; baseline 0.006 -25"><span class='ocrx_word' id='word_1_297' title='bbox 86 3677 237 3739; x_wconf 89' lang='lat' dir='ltr'><strong>Antiocho</strong></span> <span class='ocrx_word' id='word_1_298' title='bbox 260 3680 360 3757; x_wconf 90' lang='lat' dir='ltr'><strong>aliqua</strong></span> <span class='ocrx_word' id='word_1_299' title='bbox 382 3691 522 3759; x_wconf 83' lang='lat' dir='ltr'><strong>exparte</strong></span> <span class='ocrx_word' id='word_1_300' title='bbox 543 3691 723 3762; x_wconf 87' lang='lat' dir='ltr'><strong>congruant:</strong></span> <span class='ocrx_word' id='word_1_301' title='bbox 745 3692 855 3756; x_wconf 89' lang='lat' dir='ltr'><strong>tamen,</strong></span> <span class='ocrx_word' id='word_1_302' title='bbox 879 3701 945 3742; x_wconf 92' lang='lat' dir='ltr'><strong>cum</strong></span> <span class='ocrx_word' id='word_1_303' title='bbox 958 3683 1105 3760; x_wconf 86' lang='lat' dir='ltr'><strong>permulta</strong></span> <span class='ocrx_word' id='word_1_304' title='bbox 1119 3683 1180 3742; x_wconf 88' lang='lat' dir='ltr'><strong>alia</strong></span> <span class='ocrx_word' id='word_1_305' title='bbox 1194 3685 1231 3743; x_wconf 89' lang='lat' dir='ltr'><strong>ab</strong></span> <span class='ocrx_word' id='word_1_306' title='bbox 1245 3683 1299 3744; x_wconf 90' lang='lat' dir='ltr'><strong>illo</strong></span> 
     </span>
     <span class='ocr_line' id='line_1_34' title="bbox 91 3781 1301 3855; baseline 0.006 -16"><span class='ocrx_word' id='word_1_307' title='bbox 91 3781 280 3855; x_wconf 86' lang='lat' dir='ltr'><strong>abhorreant,</strong></span> <span class='ocrx_word' id='word_1_308' title='bbox 303 3783 439 3842; x_wconf 90' lang='lat' dir='ltr'><strong>omnibus</strong></span> <span class='ocrx_word' id='word_1_309' title='bbox 460 3785 521 3844; x_wconf 88' lang='lat' dir='ltr'><strong>illis</strong></span> <span class='ocrx_word' id='word_1_310' title='bbox 550 3787 728 3846; x_wconf 89' lang='lat' dir='ltr'><strong>testimoniis</strong></span> <span class='ocrx_word' id='word_1_311' title='bbox 755 3806 817 3846; x_wconf 91' lang='lat' dir='ltr'><strong>non</strong></span> <span class='ocrx_word' id='word_1_312' title='bbox 846 3785 920 3847; x_wconf 87' lang='lat' dir='ltr'><strong>satis</strong></span> <span class='ocrx_word' id='word_1_313' title='bbox 948 3785 1066 3845; x_wconf 86' lang='lat' dir='ltr'><strong>uidetur</strong></span> <span class='ocrx_word' id='word_1_314' title='bbox 1093 3786 1165 3845; x_wconf 89' lang='lat' dir='ltr'><strong>mihi</strong></span> <span class='ocrx_word' id='word_1_315' title='bbox 1195 3787 1301 3846; x_wconf 85' lang='lat' dir='ltr'><strong>confir·</strong></span> 
     </span>
     <span class='ocr_line' id='line_1_35' title="bbox 89 3882 1302 3962; baseline 0.005 -22"><span class='ocrx_word' id='word_1_316' title='bbox 89 3882 165 3941; x_wconf 86' lang='lat' dir='ltr'><strong>mari</strong></span> <span class='ocrx_word' id='word_1_317' title='bbox 185 3884 228 3943; x_wconf 90' lang='lat' dir='ltr'><strong>ita</strong></span> <span class='ocrx_word' id='word_1_318' title='bbox 249 3903 314 3944; x_wconf 90' lang='lat' dir='ltr'><strong>eum</strong></span> <span class='ocrx_word' id='word_1_319' title='bbox 337 3883 525 3962; x_wconf 89' lang='lat' dir='ltr'><strong>Syracusano</strong></span> <span class='ocrx_word' id='word_1_320' title='bbox 553 3887 606 3947; x_wconf 94' lang='lat' dir='ltr'><strong>illo</strong></span> <span class='ocrx_word' id='word_1_321' title='bbox 637 3908 702 3948; x_wconf 89' lang='lat' dir='ltr'><strong>esse</strong></span> <span class='ocrx_word' id='word_1_322' title='bbox 729 3907 832 3962; x_wconf 92' lang='lat' dir='ltr'><strong>usum,</strong></span> <span class='ocrx_word' id='word_1_323' title='bbox 864 3896 898 3947; x_wconf 91' lang='lat' dir='ltr'><strong>ut</strong></span> <span class='ocrx_word' id='word_1_324' title='bbox 927 3888 1078 3948; x_wconf 90' lang='lat' dir='ltr'><strong>contendit</strong></span> <span class='ocrx_word' id='word_1_325' title='bbox 1106 3888 1302 3950; x_wconf 85' lang='lat' dir='ltr'><strong>Woelfflinus.</strong></span> 
     </span>
     <span class='ocr_line' id='line_1_36' title="bbox 90 3983 1302 4071; baseline 0.007 -28"><span class='ocrx_word' id='word_1_326' title='bbox 90 3983 192 4060; x_wconf 80' lang='lat' dir='ltr'><strong>Quare</strong></span> <span class='ocrx_word' id='word_1_327' title='bbox 210 3985 243 4044; x_wconf 90' lang='lat' dir='ltr'><strong>in</strong></span> <span class='ocrx_word' id='word_1_328' title='bbox 263 3987 322 4045; x_wconf 89' lang='lat' dir='ltr'><strong>fine</strong></span> <span class='ocrx_word' id='word_1_329' title='bbox 343 3987 548 4064; x_wconf 89' lang='lat' dir='ltr'><strong>quaestionum</strong></span> <span class='ocrx_word' id='word_1_330' title='bbox 567 3991 647 4048; x_wconf 91' lang='lat' dir='ltr'><strong>idem</strong></span> <span class='ocrx_word' id='word_1_331' title='bbox 669 3989 766 4051; x_wconf 89' lang='lat' dir='ltr'><strong>solum</strong></span> <span class='ocrx_word' id='word_1_332' title='bbox 795 3991 875 4069; x_wconf 91' lang='lat' dir='ltr'><strong>quod</strong></span> <span class='ocrx_word' id='word_1_333' title='bbox 896 3990 1002 4070; x_wconf 90' lang='lat' dir='ltr'><strong>Poppo</strong></span> <span class='ocrx_word' id='word_1_334' title='bbox 1024 3992 1055 4050; x_wconf 91' lang='lat' dir='ltr'><strong>iu</strong></span> <span class='ocrx_word' id='word_1_335' title='bbox 1076 3991 1302 4071; x_wconf 87' lang='lat' dir='ltr'><strong>Prolegomauis</strong></span> 
     </span>
     <span class='ocr_line' id='line_1_37' title="bbox 91 4087 1303 4173; baseline 0.004 -27"><span class='ocrx_word' id='word_1_336' title='bbox 91 4087 118 4161; x_wconf 92' lang='lat'><strong>1,</strong></span> <span class='ocrx_word' id='word_1_337' title='bbox 133 4089 191 4148; x_wconf 65' lang='lat'><strong>392</strong></span> <span class='ocrx_word' id='word_1_338' title='bbox 203 4089 340 4152; x_wconf 80' lang='lat' dir='ltr'><strong>fortassis</strong></span> <span class='ocrx_word' id='word_1_339' title='bbox 355 4091 558 4170; x_wconf 84' lang='lat' dir='ltr'><strong>Thucydidem</strong></span> <span class='ocrx_word' id='word_1_340' title='bbox 572 4091 714 4153; x_wconf 86' lang='lat' dir='ltr'><strong>Antiochi</strong></span> <span class='ocrx_word' id='word_1_341' title='bbox 726 4090 908 4170; x_wconf 88' lang='lat' dir='ltr'><strong>Syracusani</strong></span> <span class='ocrx_word' id='word_1_342' title='bbox 921 4093 1015 4154; x_wconf 90' lang='lat' dir='ltr'><strong>libros</strong></span> <span class='ocrx_word' id='word_1_343' title='bbox 1028 4094 1140 4173; x_wconf 90' lang='lat' dir='ltr'><strong>legisse</strong></span> <span class='ocrx_word' id='word_1_344' title='bbox 1152 4097 1303 4173; x_wconf 88' lang='lat' dir='ltr'><strong>profiteor.</strong></span> 
     </span>
    </p>
   </div>
   <div class='ocr_carea' id='block_1_3' title="bbox 599 4259 797 4274">
    <p class='ocr_par' dir='ltr' id='par_1_6' title="bbox 599 4259 797 4274">
     <span class='ocr_line' id='line_1_38' title="bbox 599 4259 797 4274; baseline 0.005 -2"><span class='ocrx_word' id='word_1_345' title='bbox 599 4259 797 4274; x_wconf 47' lang='grc' dir='ltr'><strong>,ψη</strong></span> 
     </span>
    </p>
   </div>
   <div class='ocr_carea' id='block_1_4' title="bbox 175 4393 1187 4586">
    <p class='ocr_par' dir='ltr' id='par_1_7' title="bbox 175 4393 1187 4586">
     <span class='ocr_line' id='line_1_39' title="bbox 568 4393 828 4482; baseline -0.008 -16"><span class='ocrx_word' id='word_1_346' title='bbox 568 4393 828 4482; x_wconf 73' lang='lat' dir='ltr'><strong>corrigenda.</strong></span> 
     </span>
     <span class='ocr_line' id='line_1_40' title="bbox 175 4511 1187 4586; baseline 0.008 -19"><span class='ocrx_word' id='word_1_347' title='bbox 175 4511 231 4572; x_wconf 82' lang='lat' dir='ltr'><strong>PP.</strong></span> <span class='ocrx_word' id='word_1_348' title='bbox 248 4513 281 4570; x_wconf 83' lang='lat'><strong>12</strong></span> <span class='ocrx_word' id='word_1_349' title='bbox 298 4517 326 4572; x_wconf 91' lang='lat' dir='ltr'><strong>et</strong></span> <span class='ocrx_word' id='word_1_350' title='bbox 344 4514 470 4584; x_wconf 78' lang='lat' dir='ltr'><strong>131egar</strong></span> <span class='ocrx_word' id='word_1_351' title='bbox 488 4513 601 4572; x_wconf 73' lang='lat' dir='ltr'><strong>Zanclen</strong></span> <span class='ocrx_word' id='word_1_352' title='bbox 618 4530 668 4585; x_wconf 90' lang='lat' dir='ltr'><strong>pro</strong></span> <span class='ocrx_word' id='word_1_353' title='bbox 686 4516 810 4586; x_wconf 78' lang='lat' dir='ltr'><strong>zarda,</strong></span> <span class='ocrx_word' id='word_1_354' title='bbox 827 4532 856 4586; x_wconf 87' lang='lat' dir='ltr'><strong>p.</strong></span> <span class='ocrx_word' id='word_1_355' title='bbox 874 4517 908 4576; x_wconf 83' lang='lat'><strong>14</strong></span> <span class='ocrx_word' id='word_1_356' title='bbox 925 4516 1014 4576; x_wconf 80' lang='lat' dir='ltr'><strong>Cnidii</strong></span> <span class='ocrx_word' id='word_1_357' title='bbox 1031 4531 1080 4586; x_wconf 88' lang='lat' dir='ltr'><strong>pro</strong></span> <span class='ocrx_word' id='word_1_358' title='bbox 1098 4514 1187 4575; x_wconf 79' lang='lat' dir='ltr'><strong>croit</strong></span> 
     </span>
    </p>
   </div>
   <div class='ocr_carea' id='block_1_5' title="bbox 0 0 1544 5056">
    <p class='ocr_par' dir='ltr' id='par_1_8' title="bbox 0 0 1544 5056">
     <span class='ocr_line' id='line_1_41' title="bbox 0 0 1544 5056; baseline 0 0"><span class='ocrx_word' id='word_1_359' title='bbox 0 0 1544 5056; x_wconf 95' lang='lat' dir='ltr'><strong> </strong></span> 
     </span>
    </p>
   </div>
  </div>
 </body>
</html>
