3038 5056
606 277 796 334 ·...5..

93 463 170 527 uiam
185 463 307 527 Siciliae
327 462 436 522 finiret
474 457 536 522 Sed
556 458 628 519 licet
649 461 834 538 aliquantulo
850 449 920 519 ante
934 457 1139 539 Thucydidem
1154 459 1316 538 scripserit,

93 567 285 626 nullomodo
314 573 414 623 tamen
435 562 623 622 Woelffliuus
653 569 754 639 potest
784 563 964 622 contendere
991 581 1088 640 neque
1114 565 1178 637 jam
1205 564 1318 623 vidisse

95 688 161 728 eum
183 667 293 724 bellum
314 665 389 723 illud
410 671 516 723 contra
538 662 747 748 Syracusanos
776 670 893 741 gestum
912 683 942 739 p.
960 663 1016 735 16,
1048 671 1078 722 et
1107 664 1222 722 consuli
1252 682 1319 722 eum

94 769 235 828 debuisse
267 785 287 824 a
317 765 492 842 Thucydide
520 784 552 841 p.
576 765 604 823 8.
648 763 768 822 Etenim
790 782 857 823 cum
886 763 992 821 eadem
1013 764 1075 822 fere
1107 771 1205 822 aetate
1226 764 1319 824 fuisse

95 889 163 928 eum
185 887 243 945 qua
257 867 461 943 Thucydidem
477 865 665 924 Woelfflinus
680 873 761 924 certe
776 885 837 924 nou
853 871 1014 941 negaturus
1030 865 1079 936 sit,
1102 864 1185 923 nulla
1202 852 1319 923 raiione
1383 930 1388 941 ,

95 971 301 1028 demonstrare
322 967 432 1044 poterit
453 967 523 1026 huic
545 968 667 1026 eosdem
688 967 787 1026 fontes
809 985 871 1025 non
886 964 1000 1024 auxilio
1022 965 1124 1037 fuisse,
1151 984 1191 1024 ex
1214 966 1320 1044 quihus

95 1089 169 1129 vera
191 1077 355 1146 quaereret,
378 1087 453 1147 qnos
475 1069 644 1140 Antioch03
668 1068 725 1127 etsi
746 1087 807 1126 nou
828 1066 970 1124 traditum
991 1066 1093 1143 utique
1111 1067 1199 1126 nobis
1222 1067 1321 1126 estin

97 1170 230 1232 Siciliam
251 1170 457 1248 Thucydidem
480 1187 549 1230 esse
569 1170 745 1246 profectum.
791 1166 944 1243 Siquidem
965 1168 998 1227 id
1027 1187 1146 1246 quoque
1174 1186 1320 1245 nusquam

93 1275 236 1352 scriptum
257 1273 402 1346 invenies,
424 1292 486 1331 non
507 1271 600 1331 fuisse
622 1290 689 1329 eum
710 1271 743 1330 in
766 1269 880 1332 Sicilia.

179 1374 280 1449 Quare
303 1393 369 1433 cum
390 1373 627 1432 nullis'veterum
641 1372 818 1432 testimoniis
834 1372 981 1431 iudicetur
995 1371 1176 1433 Antiochum
1191 1371 1320 1450 Syracu-

94 1495 201 1536 sanum
224 1475 289 1533 sive
309 1474 404 1532 multo
428 1481 498 1533 ante
519 1475 725 1551 Thucydidem
747 1473 903 1533 historiam
925 1492 1010 1532 suam
1031 1476 1235 1551 composuisse
1257 1472 1322 1534 siv'e

102 1577 241 1636 floruisse
262 1576 341 1633 inter
362 1574 549 1633 Herodotum
572 1583 662 1654 atque
682 1575 776 1647 illurn,
799 1574 881 1632 nullo
904 1574 994 1632 modo
1019 1574 1157 1634 absolute
1181 1576 1322 1636 contendi

97 1697 190 1754 posse
213 1677 302 1736 credo
324 1676 530 1753 Thucydidem
551 1677 595 1736 uti
618 1696 654 1736 eo
677 1685 708 1743 et
727 1677 861 1753 potuisse
884 1682 914 1733 et
935 1675 1083 1735 debuisse.

184 1777 245 1839 Sed
266 1778 338 1836 licet
360 1797 397 1836 ea
419 1779 536 1836 demum
550 1784 651 1837 aetate
664 1777 872 1853 Thucydidem
894 1776 1062 1853 scripsisse,
1087 1798 1146 1856 qua
1162 1777 1205 1838 uti
1221 1787 1324 1855 posset

98 1879 242 1939 Antiochi
263 1878 399 1949 historia,
422 1880 503 1956 quod
525 1881 646 1959 quidem
668 1877 846 1938 testimoniis
867 1895 928 1937 non
944 1879 1170 1956 comprobatum
1183 1879 1340 1951 vidimus,

96 1989 196 2041 tamen
228 1980 287 2036 hoc
320 1997 438 2055 quoqne
466 1979 565 2056 ipsum
598 1998 635 2038 ea
668 1979 846 2038 condicione
878 1978 975 2038 solnm
1010 1980 1234 2038 concedendum
1267 1988 1323 2051 est,

96 2090 129 2140 ut
163 2101 229 2141 cum
261 2079 442 2158 Kruegcro*
477 2101 534 2158 pro
572 2089 653 2141 certo
690 2081 867 2155 habeamus.
889 2086 982 2142 coam
1019 2079 1212 2140 historiarum
1248 2100 1324 2158 opus

97 2202 159 2240 non
192 2180 250 2240 uisi
281 2180 361 2239 hello
394 2181 653 2258 Peloponnesiaco
686 2181 770 2238 linito
805 2200 825 2237 a
855 2180 1032 2256 Thucydide
1064 2199 1131 2240 esse
1162 2170 1323 2258 inceptum.

97 2282 216 2340 Etenim
254 2290 288 2338 ut
326 2289 442 2340 taceam
482 2282 520 2340 de
561 2299 620 2353 eo,
665 2281 746 2358 quod
780 2264 914 2360 jejunum
944 2281 1112 2351 ¹annalium
1147 2283 1323 2360 scriptorem

98 2401 166 2441 eum
198 2383 326 2440 futurum
349 2382 452 2442 ‚fuisse
482 2382 656 2459 Kruegerus
690 2381 780 2454 dicit,
815 2380 842 2439 si
875 2381 1002 2439 durante
1032 2382 1111 2442 bello
1145 2383 1324 2460 scripsisset:

99 2491 179 2542 certe
219 2491 338 2555 tamen,
381 2502 448 2542 cunr
489 2501 528 2541 ne
560 2481 708 2541 Herodoti
748 2481 867 2557 quidem
904 2482 1046 2541 historias
1086 2502 1124 2542 ea
1158 2492 1256 2544 aetate
1293 2487 1325 2544 in

98 2584 230 2642 omnium
251 2585 387 2643 manibus
418 2584 510 2643 fuisse
533 2587 597 2658 jam
617 2583 827 2643 Dahlmannus
856 2590 938 2643 recte
966 2584 1158 2644 admonuisse
1186 2586 1259 2644 mihi
1280 2588 1325 2644 vi-

99 2686 253 2757 deaturii,
274 2686 377 2746 nescio
401 2686 552 2763 quomodo
575 2705 637 2744 nou
659 2686 751 2744 multo
775 2685 872 2762 magis
897 2686 1053 2744 recondita
1074 2687 1162 2745 fuerit
1183 2688 1325 2747 Antiochi

98 2787 152 2844 illa
174 2786 299 2844 historia
321 2785 437 2857 Sicula3
460 2787 638 2864 praesertim
661 2787 730 2845 cum
751 2786 940 2845 Woellflinus
961 2785 994 2844 iu
1016 2787 1240 2863 quaestionibus
1263 2790 1324 2848 suis
1381 2840 1383 2845 .

99 2907 129 2963 p.
153 2887 193 2944 20
216 2886 309 2946 dicat:
342 2888 432 2963 ,Man
461 2888 537 2946 wird
569 2888 662 2947 daher
693 2888 741 2946 die
769 2883 1041 2965 verdffentlichung
1068 2889 1121 2946 der
1148 2887 1326 2960 Σικελιῶτις

100 2991 269 3073 συγγραφή
290 2989 362 3048 bald
383 2991 461 3048 nach
484 2989 546 3048 420
568 2997 669 3049 setzen
694 2987 836 3048 diirfen.“
881 2988 942 3050 Sed
964 2988 1036 3047 licet
1055 2997 1136 3047 recte
1159 2991 1325 3065 conjecisse

100 3090 302 3148 Woelfflinum
325 3091 491 3164 credamus,
514 3098 613 3149 tamen
633 3110 781 3167 nusquam
801 3090 867 3149 fieri
887 3089 1002 3165 potuit,
1032 3097 1064 3147 ut
1091 3100 1242 3149 recentem
1264 3098 1325 3150 tum

101 3191 210 3248 librum
232 3189 315 3248 illum
337 3192 426 3250 modo
448 3192 480 3250 in
509 3192 663 3269 publicum
688 3194 790 3250 datum
816 3190 1007 3269 Thucydides
1036 3191 1125 3249 exsul
1152 3191 1324 3268 inspiceret,

101 3291 162 3350 nisi
183 3285 214 3348 in
235 3290 324 3348 Italia
347 3293 449 3349 autin
470 3293 537 3370 ipsa
552 3291 665 3353 Sicilia.
704 3293 810 3366 Quare·
827 3293 856 3352 si
876 3293 1110 3351 demonstratum
1132 3292 1188 3351 erit
1202 3292 1325 3352 Woelff-

101 3392 155 3449 lini
171 3391 395 3467 quaestionibus
410 3394 614 3471 Thucydidem
634 3395 786 3454 Antiocho
802 3412 868 3454 este
883 3412 978 3466 usum,
1001 3401 1063 3451 tum
1078 3393 1168 3453 etiam
1189 3414 1250 3453 non
1273 3395 1325 3451 du-

103 3491 192 3550 bitari
213 3493 333 3569 poterit,
356 3495 427 3573 quin
450 3496 538 3556 exsul
558 3495 663 3556 illein
685 3497 780 3556 altera
801 3503 869 3555 utra
890 3503 970 3554 terra
992 3489 1088 3554 fuerit.

691 3695 736 3761 11.

387 3843 436 3925 ilo
463 3845 636 3926 Antiochi
661 3846 729 3927 fido
755 3848 793 3928 ot
818 3845 1045 3929 aucuritato.
1130 3893 1131 3897 κ

191 3983 354 4043 Credamus
372 3984 462 4063 igitur
481 3983 653 4044 Woelfflino
672 3985 878 4063 Thucydidem
901 3987 1036 4046 exsulem
1058 3983 1196 4045 initalia
1221 3993 1272 4044 aut
1295 3987 1325 4043 in

104 4085 171 4160 ipsa
179 4083 283 4145 Sicilia
291 4085 431 4146 Antiochi
442 4086 596 4148 historiam
607 4088 735 4147 fortasse
746 4088 879 4148 invenire
890 4088 1037 4165 potuisse3
1053 4095 1153 4145 tamen
1165 4087 1325 4165 quaeritur,

106 4186 266 4262 dignumne
278 4205 344 4244 eam
354 4187 500 4262 habuerit,
512 4208 571 4266 qua
581 4197 721 4249 uteretur.
753 4189 837 4248 Dicit
848 4189 926 4248 enim
934 4188 1121 4249 Woelfflinus
1132 4189 1164 4248 iu
1176 4187 1327 4267 quaestio·

106 4317 309 4332 ¹¹——

174 4368 190 4401 *
207 4368 345 4437 Krueger:
362 4366 507 4436 Analecta,
524 4384 552 4438 p.
569 4369 646 4435 osse
664 4372 693 4424 et
710 4369 768 4424 121.

158 4451 190 4487 ³⁸*
208 4449 252 4514 Of,
269 4452 405 4512 Roscher:
422 4451 524 4519 Loben,
542 4453 620 4511 werk
637 4451 695 4509 und
711 4452 837 4510 aeitalter
854 4453 907 4511 des
921 4454 1053 4526 Thucyd,
1071 4471 1100 4524 p.
1118 4455 1177 4510 122.

1161 4556 1176 4589 U
