3038 5056
143 1002 344 1127 Thucydides
366 1055 462 1106 utrum
484 1045 516 1105 in
538 1045 627 1105 rebus
652 1044 877 1105 conscribendis
905 1045 1038 1122 priorum
1067 1045 1252 1124 quorundam
1273 1046 1367 1106 histo·

143 1153 273 1211 ricorum
294 1149 379 1210 libris
401 1148 549 1208 interdum
572 1165 643 1206 usus
666 1147 714 1226 sit,
737 1166 841 1218 necne,
862 1167 927 1206 cum
941 1150 1005 1222 jam
1025 1147 1076 1205 diu
1091 1147 1175 1207 varie
1192 1147 1367 1224 disputetur,

144 1271 224 1310 nunc
246 1250 365 1328 quidem
386 1249 555 1308 recentibus
578 1247 744 1305 Woelfflini
769 1247 1016 1324 quaestionibus*
1043 1246 1074 1305 in
1105 1248 1149 1306 eis
1171 1248 1262 1321 locis,
1291 1267 1368 1325 quae

144 1353 205 1411 sint
226 1353 264 1410 de
285 1347 414 1411 historia
436 1348 576 1420 Siciliae,
609 1348 647 1406 ah
669 1347 820 1407 Antiocho
844 1347 1035 1425 Syracusano
1067 1330 1134 1406 eum
1159 1350 1291 1425 pendere
1319 1349 1369 1407 de·

147 1461 338 1512 monstratur.
387 1451 434 1509 Ac
467 1448 652 1509 consuluisse
675 1448 794 1533 quidem
816 1449 1022 1527 Thucydidem
1051 1450 1084 1508 in
1115 1451 1205 1509 rebus
1237 1449 1370 1529 priorum

144 1562 313 1631 temporum
342 1549 568 1610 conscribendis
596 1557 713 1608 veteres
742 1549 902 1609 historicos
930 1558 960 1608 et
988 1569 1021 1608 re
1048 1550 1117 1626 ipsa
1145 1558 1175 1608 et
1204 1569 1240 1609 eo
1270 1557 1371 1627 potest

146 1654 285 1732 intelligi,
308 1651 388 1730 quod
411 1658 490 1710 certe
511 1650 613 1710 omnia
633 1650 752 1709 illorum
773 1669 868 1726 opera
890 1668 956 1708 eum
978 1650 1088 1728 legisse
1111 1669 1151 1710 ex
1171 1651 1249 1710 libro
1269 1651 1294 1723 I,
1319 1652 1371 1723 97,

149 1755 168 1812 2
192 1757 328 1832 apparet,
351 1772 458 1831 neque,
482 1771 558 1830 quae
579 1752 645 1828 ipse
668 1750 740 1809 dicit
761 1751 799 1822 V,
824 1750 874 1822 26,
899 1753 935 1824 5,
966 1751 998 1809 in
1026 1751 1165 1810 exsilium
1192 1753 1311 1830 pulsum
1338 1771 1372 1812 se

149 1864 351 1931 utrorumque,
375 1874 441 1913 cum
463 1851 690 1913 Atheniensium
712 1859 774 1910 tum
795 1851 1101 1929 Peloponnesiorum,
1124 1854 1214 1913 rebus
1237 1849 1372 1926 affuisse,

133 1954 215 2014 'cum
236 1955 291 2013 illa
312 1954 455 2031 opinione
476 1955 665 2031 discrepent3
695 1953 806 2033 quippe
828 1971 910 2025 cum,
940 1973 1017 2031 quae
1046 1955 1086 2012 ad
1112 1954 1222 2013 bellum
1251 1972 1373 2014 suorum

146 2064 317 2133 temporum·
336 2057 523 2136 spectabant,
545 2056 612 2131 ipse
634 2055 728 2114 oculis
750 2055 839 2112 facile
857 2054 973 2113 videret
987 2063 1076 2133 atque
1091 2056 1273 2134 exquireret,
1296 2076 1373 2134 quae

147 2167 248 2215 tamen
270 2175 309 2214 ex
330 2159 432 2236 prisca
454 2165 552 2216 aetate
573 2163 713 2233 prompta
741 2155 903 2215 memoriae
929 2155 1067 2229 tradidit,
1097 2176 1114 2215 e
1133 2156 1219 2216 libris
1240 2158 1374 2234 priorum

147 2258 326 2334 scriptorum
348 2258 490 2316 facillime
512 2258 632 2317 haurire
653 2265 765 2334 posset.
809 2257 846 2316 In
868 2257 975 2334 quibus
997 2265 1097 2317 tamen
1124 2259 1214 2318 rebus
1236 2277 1276 2317 ex
1299 2258 1374 2317 alio-

148 2379 213 2417 rum
235 2359 319 2417 libris
341 2360 442 2435 petitis
465 2379 532 2434 non,
548 2376 653 2418 omnes
676 2376 762 2430 eum,
785 2365 934 2435 utcunque
956 2366 1058 2431 erant,
1089 2377 1143 2418 suo
1173 2358 1268 2438 ipsius
1289 2359 1375 2437 operi

151 2462 315 2520 inseruisse
333 2464 398 2535 jam
420 2481 456 2520 eo
478 2468 571 2539 patet,
598 2453 680 2537 quod
701 2459 767 2536 ipse
790 2459 949 2518 affirmavit
970 2460 998 2533 1,
1030 2464 1066 2533 1,
1097 2461 1115 2518 2
1140 2479 1173 2520 se
1194 2480 1292 2520 rerum
1315 2461 1375 2520 ori-

147 2562 233 2638 gines
264 2562 466 2638 quaesivisse,
500 2563 600 2640 quoad
628 2561 777 2639 potuisset
805 2568 835 2619 et
864 2561 1030 2621 certissima
1059 2563 1156 2622 solum
1184 2562 1375 2639 maximeque

150 2663 307 2722 credibilia
329 2664 544 2741 conscripsisse
565 2663 786 2741 praetermissis
808 2663 945 2723 omnibus
968 2664 1011 2723 eis
1033 2666 1133 2737 rebus,
1161 2682 1236 2741 quas
1257 2665 1375 2740 mytho-

149 2764 214 2841 logi
244 2765 452 2825 delectationis
483 2785 574 2825 causa
604 2767 669 2825 sine
695 2767 758 2824 nlla
782 2766 842 2825 fide
871 2766 1008 2824 fabulose
1036 2765 1195 2825 finxissent
1222 2765 1247 2838 l,
1271 2764 1323 2836 ⁶21,
1348 2765 1377 2822 2.

150 2859 214 2925 Sed
236 2867 367 2941 pendeat
394 2867 467 2926 licet
487 2867 679 2944 Thucydides
709 2886 749 2925 ex
775 2866 954 2939 Herodoto,
982 2869 1113 2944 pendeat
1142 2886 1181 2927 ex
1209 2865 1377 2936 Hecataeo,

150 2959 281 3041 pendeat
304 2985 343 3024 ex
365 2953 498 3044 quolibet
520 2967 597 3027 alio:
620 2987 676 3027 nos
699 2968 819 3045 quidem
838 2968 1086 3039 examinabimus,
1110 2989 1181 3028 num
1195 2968 1378 3027 Antiochum

151 3066 374 3143 Syracusanum
397 3077 515 3129 secutus
537 3069 623 3129 sitin
645 3057 773 3130 historia
788 3071 996 3147 antiquissima
1011 3069 1134 3131 Siciliae
1150 3069 1378 3130 conscribenda.

237 3167 338 3241 Quare
366 3169 493 3245 primum
523 3171 696 3243 videamus,
728 3192 787 3249 qua
816 3179 915 3230 aetate
936 3172 1103 3231 Antiochus
1130 3171 1182 3230 ille
1211 3170 1379 3248 scripserit3

152 3269 264 3328 deinde
286 3289 356 3328 num
380 3271 501 3348 dignum
527 3291 594 3331 eum
616 3274 808 3350 Thucydides
838 3275 951 3333 habere
980 3274 1127 3351 potuerit,
1158 3291 1245 3351 quem
1273 3289 1379 3349 seque-

153 3380 250 3442 retur3
278 3379 339 3428 tum
361 3381 457 3430 utrum
480 3381 561 3432 recte
583 3375 771 3434 Woelfflinus
801 3376 965 3435 contendat
992 3376 1124 3453 pendere
1154 3393 1207 3447 ea,
1237 3392 1314 3452 quae
1343 3373 1380 3430 de

155 3470 261 3532 Sicilia
282 3475 370 3534 nohis
385 3474 436 3532 ille
451 3476 584 3551 tradidit,
608 3495 648 3536 ex
664 3478 809 3559 Antiochi*
827 3478 1014 3552 auctoritate,
1037 3495 1142 3563 necne,
1166 3474 1379 3536 examinemus.

755 3710 784 3776 1.

569 3858 618 3941 De
647 3860 765 3942 aetate
791 3859 974 3944 Andoehi

243 3999 424 4058 Antiochum
448 3999 682 4078 Syracusanum,
704 4002 903 4078 Xenophanis
923 4002 1026 4074 filium,
1049 4002 1104 4060 etsi
1119 3997 1284 4077 Dionysius
1299 3996 1384 4057 Hali·

126 4137 129 4144 ·
158 4101 364 4160 narrassensis
387 4102 424 4160 A.
446 4102 482 4161 R.
505 4103 536 4177 I,
570 4103 607 4161 12
640 4108 828 4184 συγγραφέα
855 4105 947 4167 πάνυ
974 4100 1113 4184 ἀρχαῖον
1143 4089 1210 4161 eum
1240 4098 1381 4178 appellat,

160 4252 364 4263 --—-———-

160 4300 319 4428 thurtal&
332 4299 485 4359 Woelfflin:
509 4300 661 4360 Antiochus
685 4317 740 4361 von
758 4301 878 4402 syracus
902 4317 929 4362 u,
947 4299 1058 4360 Coelius
1076 4300 1232 4412 Antipater,
1267 4297 1386 4356 winter.

1183 4471 1216 4522 1*
