3038 5056
594 274 802 334 ...13-

96 461 223 542 siugulis
251 459 389 532 urbibus,
423 452 502 539 quas'
525 456 642 538 quidem
668 460 856 538 Thucydides
883 458 1009 532 riserat,
1040 461 1207 538 quaerendo
1235 462 1301 540 ipse

97 564 185 624 facile
214 571 334 641 poterat
358 562 493 625 invenire
519 563 602 622 nulla
629 563 770 623 Antiochi
796 561 897 622 habita
924 561 1048 621 ratione.
1099 562 1194 638 Quid,
1223 563 1302 641 quod

93 667 155 738 jam
179 664 353 725 Hellanicus
363 662 388 743 ¹)
413 665 533 725 Naxum
559 666 688 725 omnium
718 659 901 727 Graecarum
933 664 1048 723 urbium
1078 665 1204 742 primam
1232 684 1302 724 con·

97 766 188 828 ditem
209 765 346 825 tradidit!
378 765 486 826 Nonne
508 767 596 826 edam
617 768 704 845 plura
728 767 871 843 ejusmodi
892 767 930 825 de
951 765 1018 826 aliis
1041 764 1161 827 Siciliae
1182 767 1302 825 urbibus

95 868 179 929 illum
210 868 324 929 aliosve
355 870 516 928 memoriae
547 869 705 930 tradidisse
740 870 910 941 credamus,
943 887 1018 946 quae
1040 869 1157 946 quidem
1185 869 1302 946 Thucy·

98 971 183 1031 didos
204 971 287 1029 bono·
301 971 367 1045 jure
387 978 491 1046 posset
512 971 654 1030 credere?
687 969 786 1046 Quare
812 969 867 1030 etsi
895 969 1034 1028 credibile
1062 977 1106 1028 est
1128 970 1304 1030 Antiochum

96 1089 213 1150 quoque
227 1071 408 1150 Thucydidis
421 1071 475 1130 illa
489 1091 633 1131 annorum
647 1071 845 1147 descriptione
860 1089 926 1130 esse
939 1090 1034 1144 usum,
1050 1091 1173 1148 eamque
1187 1072 1304 1148 Thucy·

97 1174 196 1232 didem
217 1173 266 1232 uel
287 1191 353 1234 esse
374 1181 523 1247 secutum,
554 1180 651 1232 tamen
673 1173 853 1251 argumentis
874 1170 949 1231 nihil
975 1181 1090 1250 potest,
1119 1175 1224 1245 credo,
1254 1174 1305 1231 de·

98 1275 264 1335 monstrari.

178 1376 340 1437 Veniamus
361 1394 440 1434 nunc
461 1377 500 1434 ad
522 1395 568 1448 ea,
591 1395 667 1454 quae
688 1375 874 1435 Woelfflinus
896 1378 1010 1455 profert
1029 1379 1061 1436 in
1084 1378 1305 1455 quaestionibus
1351 1404 1353 1407 ·

100 1479 161 1540 suis
181 1499 211 1558 p.
229 1481 278 1541 10.

181 1602 227 1658 Ac
248 1599 374 1678 primum
396 1599 512 1676 quidem
533 1603 633 1680 magni
654 1601 794 1661 momenti
815 1619 880 1661 esse
903 1602 992 1673 dicit,
1015 1601 1094 1679 quod
1115 1600 1305 1677 Thucydides

98 1701 278 1761 Antiochum
299 1709 416 1762 secutus
438 1722 457 1761 a
477 1723 548 1782 rege
565 1703 641 1763 Italo
651 1701 679 1782 ²)
700 1703 885 1781 peninsulam
908 1703 1086 1781 appellatam
1109 1721 1174 1762 esse
1189 1703 1307 1761 Italiam

97 1803 260 1864 tradiderit
303 1803 371 1880 Qua
400 1805 517 1882 quidem
544 1806 610 1865 sola
639 1824 672 1865 re
700 1814 729 1864 et
756 1806 819 1865 ueri
849 1805 1012 1885 argumenti
1041 1805 1165 1882 aliquid
1181 1804 1307 1866 indicari

97 1925 193 1983 neque
215 1905 374 1984 quidquam
394 1908 516 1984 probari
537 1908 609 1967 mihi
626 1908 750 1967 videtur.
785 1909 864 1968 Nam
885 1916 918 1966 ut
938 1927 984 1980 ea,
1007 1926 1083 1986 quae
1105 1908 1142 1965 de
1156 1907 1232 1966 Italo
1253 1907 1306 1964 illo

96 2027 168 2087 rege
196 2017 369 2082 narrantur,
393 2010 472 2086 apud
492 2010 695 2088 Thucydidem
723 2011 818 2071 solum
846 2011 1080 2087 Antiochumque
1109 2009 1306 2080 inveniuntur,

97 2111 141 2169 ita
160 2111 228 2169 aliis
250 2130 367 2188 quoque
388 2112 419 2169 in
433 2113 521 2171 rebus
537 2112 711 2190 quibusdam
726 2131 820 2190 aeque
834 2113 895 2170 alia
908 2112 1097 2189 Thucydides
1112 2112 1202 2170 tradit
1220 2119 1307 2189 atque

99 2212 278 2286 Hecataeus,
300 2213 485 2287 Hellanicus,
508 2215 719 2291 Apollodorus.
762 2215 865 2292 Itaque
886 2215 989 2274 eodem
1006 2216 1073 2288 jure
1096 2214 1169 2272 haec
1191 2231 1306 2290 quoque

99 2334 140 2373 ex
154 2316 296 2379 Antiochi
309 2317 434 2376 historia
447 2318 554 2376 hausta
569 2335 635 2378 esse
651 2317 789 2377 contendi
802 2324 909 2396 potest.
943 2317 989 2375 Ac
1004 2323 1071 2375 suut
1085 2315 1202 2393 quidem
1217 2317 1306 2373 haec:

182 2436 218 2513 α)
240 2436 429 2514 Thucydides
445 2456 552 2496 nomen
565 2437 691 2497 Zavcles
713 2457 732 2496 a
746 2438 841 2497 forma
854 2437 936 2496 urbis
952 2437 1068 2495 ductum
1083 2435 1188 2508 tradit3
1209 2434 1307 2493 Heca-

98 2536 261 2617 taeus⁸)'a
281 2539 358 2600 falce
380 2539 433 2598 illa
452 2540 538 2600 lovis
559 2540 601 2599 ibi
623 2539 808 2600 abscondita.

181 2659 217 2738 β)
238 2659 429 2738 Thucydides
453 2655 627 2722 Gelensium
648 2661 750 2719 urbem
772 2679 791 2718 a
811 2659 901 2719 fluvio
917 2658 1048 2736 appellat
1063 2655 1168 2717 Gelam
1175 2677 1184 2728 ;
1205 2655 1307 2715 Hella·

28 2852 33 2859 ²
100 2757 222 2838 nicust)
245 2780 264 2819 a
286 2760 402 2821 Gelone
422 2782 502 2841 rege.

184 2881 215 2960 y)
236 2881 403 2959 Thucydidi
426 2890 455 2940 et
468 2881 593 2942 Philisto
604 2879 632 2959 ⁶)
655 2880 757 2944 Sicani
772 2901 790 2940 a
805 2879 914 2942 Sicano
937 2881 1065 2959 quodam
1080 2879 1195 2938 Iberiae
1216 2878 1306 2935 fluvio

100 2984 262 3062 emigrasse
283 2985 435 3044 videntur:
458 2983 641 3045 Hellanico⁶
661 2986 750 3044 credo
773 2984 810 3044 ab
832 2985 904 3041 urbe
925 2981 1046 3064 Σικάνη
1076 2981 1234 3039 eorundem
1264 2979 1307 3037 lo-

100 3105 211 3144 corum.
253 3089 295 3145 At
326 3105 422 3164 neque
443 3089 514 3147 urbs
536 3087 656 3170 Σικάνη
683 3106 779 3163 neque
806 3085 912 3143 fluvius
933 3084 1068 3154 Σικανὸς
1095 3082 1126 3139 iu
1145 3081 1243 3140 Iberia
1263 3082 1308 3139 in·

102 3187 228 3250 venitur.

185 3305 218 3384 d)
239 3306 353 3366 Eodem
375 3309 464 3367 modo
486 3309 675 3386 Thucydides
697 3326 763 3367 cum
783 3307 931 3366 Antiocho
949 3303 1065 3364 Italiam
1089 3305 1127 3364 de
1147 3322 1218 3381 rege
1232 3302 1306 3360 Italo

101 3410 210 3468 dictam
232 3428 298 3469 esse
320 3403 422 3483 tradii3
451 3411 625 3471 Hellanicus
647 3430 712 3470 cum
734 3410 919 3487 Apollodoro
948 3409 987 3466 de
1010 3407 1082 3466 italo
1112 3407 1160 3465 vel
1188 3401 1306 3479 itulo⁷).

185 3527 298 3602 Quibus
321 3531 456 3591 omnibus
477 3532 565 3590 rebus
594 3531 711 3592 collatis
740 3531 828 3589 facile
855 3547 1012 3606 possumus
1042 3526 1163 3586 credere
1191 3525 1307 3601 Thucy-

101 3630 200 3689 didem
221 3630 252 3689 in
274 3630 317 3689 eis
339 3651 455 3710 quoque
476 3634 582 3705 rebus,
612 3634 718 3711 quibus
743 3635 780 3693 ab
810 3631 877 3691 aliis
900 3632 1065 3708 discrepat,
1093 3630 1130 3688 ab
1158 3626 1307 3686 Antiocho

101 3733 242 3810 pendere.
279 3730 374 3807 Quam
397 3734 514 3811 quidem
536 3736 706 3813 opinionem
720 3756 780 3794 nou
803 3753 870 3794 esse
883 3733 1037 3792 ridiculam
1051 3751 1084 3791 re
1097 3731 1164 3807 ipsa
1186 3728 1306 3787 demon·

103 3842 220 3894 stratur.
241 3829 242 3832 ’
264 3834 377 3895 Rursus
399 3844 497 3896 autem
517 3839 740 3916 intelligendum
762 3845 821 3908 est,
850 3855 915 3894 cum
937 3843 1124 3911 utrorumque
1144 3829 1307 3890 sententiae
1362 3818 1364 3825 ’

101 3936 133 3994 in
155 3954 188 3996 se
207 3936 337 3997 habeant
356 3939 503 4012 fabulosa,
526 3959 649 4018 cumque
672 3940 708 3998 de
731 3937 854 4017 singulis
876 3937 951 3998 locis
973 3938 1044 4016 quid
1065 3935 1179 4012 priores
1198 3932 1306 3991 viritim

101 4071 303 4086 m

177 4124 196 4190 ¹)
213 4121 321 4190 Fragor.
339 4120 445 4178 Hellau.
461 4123 504 4180 50.

88 4214 94 4228 ‘
173 4209 195 4274 ²)
212 4207 255 4264 Oi.
271 4205 323 4263 Th.
334 4205 383 4274 VI,
400 4208 424 4275 2,
442 4207 460 4262 5
476 4223 538 4264 cum
554 4207 683 4266 Antiochi
698 4209 794 4278 fragm.
811 4208 837 4264 4.

170 4293 192 4360 ⁸)
209 4292 305 4349 Hecat
321 4290 418 4361 fragm.
435 4292 478 4352 43.
706 4295 729 4362 ⁴)
748 4292 854 4348 Hellau.
872 4289 969 4359 fragm.
987 4287 1046 4345 104

169 4379 192 4446 ⁸)
208 4376 312 4433 Philist
329 4377 426 4446 fragm.
443 4380 468 4437 3.
706 4381 727 4445 ⁶)
746 4377 853 4434 Hellen.
870 4375 966 4446 fragm
984 4373 1028 4430 15.

170 4465 192 4534 ⁷)
210 4461 315 4520 Hellen.
332 4472 428 4532 uagua
446 4462 480 4520 97
497 4469 526 4522 et
542 4463 574 4526 0.
591 4463 714 4522 Muelleri
730 4463 761 4520 fr.
779 4477 807 4533 p.
825 4461 883 4532 140,
900 4461 947 4521 Νι.
964 4461 990 4521 9.
1097 4541 1098 4546 ¹
