3038 5056
729 250 932 307 ..14-

231 436 403 514 scripserint
424 435 544 496 difficile
565 435 605 496 sit
625 433 783 513 exquisito,
806 453 845 494 ex
866 455 925 494 uno
948 434 1000 493 illo
1028 434 1096 496 loco
1125 435 1271 495 communi
1299 454 1362 498 nou
1383 435 1446 494 uti·

229 559 285 618 qne
306 539 465 618 quidquam
486 557 576 616 posse
598 538 707 616 colligi.

312 643 353 702 At
373 641 451 701 forte
472 643 538 719 quis
559 642 639 701 dicat
659 639 800 699 Antiochi
829 658 946 716 quoquc
967 638 1208 716 'lhucydidisque
1236 646 1356 701 casim
1379 639 1444 698 dis·

229 744 409 822 crepantiam
429 746 586 823 quandam,
610 743 689 820 quod
702 744 834 819 Motyam
848 743 950 801 urbem
969 740 1021 800 ille
1036 760 1055 799 a
1070 739 1195 812 Cnidiis,
1215 740 1265 801 hic
1279 758 1299 801 a
1314 739 1444 801 Cartha-

229 847 411 927 giniensibus
434 847 584 907 conditam
606 864 672 907 esse
693 844 852 921 scripserit
888 847 985 921 Atque
999 844 1042 902 ite
1063 842 1181 921 quidem
1195 842 1402 921 Wesseliugns
1415 843 1441 918 ¹)

228 951 307 1009 huuc
329 949 418 1007 etiam
440 949 608 1025 scrupulum
631 955 749 1007 exstare
772 945 859 1020 dicit,
887 947 967 1023 quod
987 945 1136 1005 Antiocho
1157 946 1261 1023 Motya
1281 965 1300 1005 a
1323 944 1442 1006 Cuidiis

230 1052 349 1111 condita
371 1069 437 1110 esee
460 1050 615 1122 scribatur,
637 1031 804 1126 Thucydidi
826 1068 845 1107 a
861 1046 1162 1125 Carthaginiensibus.
1200 1045 1298 1126 Quam
1319 1047 1441 1124 quidem

230 1153 459 1231 discrepantiam
480 1154 537 1214 etsi
559 1153 711 1212 declarare
733 1152 831 1211 studet
845 1149 1059 1228 Wcsselingus,
1081 1157 1179 1209 temen
1194 1149 1303 1211 busba
1316 1167 1443 1225 operam

230 1257 301 1314 dare
323 1255 393 1312 mihi
414 1254 537 1313 videtur.
580 1254 699 1314 Etenim
721 1256 777 1313 etsi
798 1254 986 1330 Thucydides
1008 1253 1060 1324 Vl,
1084 1253 1113 1325 2,
1137 1253 1154 1311 6
1176 1254 1309 1330 Motyam
1330 1271 1350 1312 e
1365 1251 1442 1312 Car·

228 1356 462 1435 thaginiensibus
485 1357 634 1418 conditam
657 1375 722 1417 csse
744 1357 880 1428 tradidit,
911 1374 1097 1432 nequaquam
1125 1362 1224 1415 nmen
1245 1354 1441 1414 exsecando

229 1458 368 1520 Antiochi
389 1459 555 1537 fragmento
586 1477 767 1537 cognoscere
796 1459 910 1528 studui,
940 1458 1060 1516 ubinam
1088 1456 1137 1515 bic
1166 1455 1289 1517 Cvidios
1318 1456 1442 1532 Motyae

230 1570 365 1622 auctores
388 1560 599 1639 appellaverit3
629 1580 694 1619 cum
715 1561 790 1620 nihil
818 1559 981 1619 invenerim
1006 1559 1064 1618 nisi
1088 1557 1211 1619 Cnidios
1239 1559 1272 1618 in
1299 1573 1442 1635 promon-

230 1666 307 1725 torio
330 1664 474 1740 Pachyno
504 1663 630 1741 (rectius
659 1663 818 1742 Lilybaeo)
850 1664 923 1721 urbe
952 1660 1079 1740 quadam
1109 1662 1230 1721 condita
1257 1661 1296 1724 ab
1324 1660 1442 1736 Elymia

235 1765 589 1844 Carthaginiensibusque
611 1785 677 1826 esse
699 1767 848 1844 depulsos.
885 1763 980 1838 Quam
996 1762 1113 1840 quidem
1126 1764 1230 1822 urbem
1243 1763 1352 1823 debere
1374 1781 1443 1821 esse

234 1869 367 1945 Motyam
387 1887 475 1926 nemo
500 1875 607 1944 potest,
631 1868 730 1939 credo,
753 1867 908 1925 extricare.
952 1865 1052 1942 Quare
1080 1884 1214 1942 eaquae
1241 1865 1358 1924 videtur
1380 1863 1443 1923 dis·

236 1970 387 2049 crepantia
407 1986 467 2029 non
488 1969 620 2046 impedit,
642 1969 796 2047 quominus
811 1969 999 2046 Thucydides
1013 1968 1191 2026 Antiochum
1213 1976 1331 2029 secutus
1353 1965 1440 2044 sit2)

321 2071 489 2150 Sequuntur
511 2091 557 2146 ea,
580 2091 655 2152 quae
676 2073 713 2130 de
736 2072 928 2152 emigratione
950 2069 1114 2133 Siculorum
1123 2067 1149 2148 ³)
1165 2070 1349 2130 Woelfflinus
1370 2089 1444 2148 pro-

232 2177 297 2250 fert,
319 2195 349 2252 p.
367 2175 416 2233 10.

320 2279 509 2357 Thucydides
532 2277 650 2339 Siculos
671 2279 709 2337 ab
731 2277 834 2356 Opicis
862 2277 965 2355 pulsos
988 2294 1053 2336 esse
1074 2276 1179 2347 tradit3
1208 2274 1374 2335 Antiochus
1404 2275 1443 2333 ab

232 2379 334 2458 Opicis
365 2379 571 2458 Oenotrisque.
626 2380 710 2455 Quae
743 2382 861 2459 quidem
892 2380 964 2438 mihi
997 2398 1113 2459 quoque
1145 2378 1299 2438 levissima
1324 2376 1444 2435 videtur

233 2501 300 2541 esse
332 2480 546 2558 discrepantia,
582 2501 646 2541 oum
677 2483 866 2561 'thucydides
898 2483 1053 2540 verborum
1085 2481 1226 2540 Antiochi
1256 2480 1443 2551 recordatus,

233 2585 338 2663 quibus
361 2585 509 2662 Morgetes
538 2581 627 2663 ille4)
656 2604 722 2643 cnm
750 2585 833 2644 Italis
863 2582 1029 2661 Siculisque
1056 2602 1145 2641 unum
1172 2582 1314 2661 populum
1340 2580 1444 2640 Oeno-

234 2696 347 2746 trorum
370 2687 582 2764 appellaverat,
605 2697 707 2747 nostro
728 2688 796 2747 loco
819 2687 1016 2747 Oenotrorum
1037 2705 1145 2745 nomen
1171 2685 1322 2745 affinitatis
1351 2702 1444 2742 cansa

234 2791 362 2849 fortasse
385 2789 579 2861 exstinxerit3
602 2790 746 2868 siquidem
768 2789 897 2849 scribere
919 2791 1013 2849 noluit
1035 2787 1152 2850 Siculos
1174 2788 1210 2847 ab
1226 2786 1340 2864 Opiois,
1362 2787 1443 2845 Mor·

235 2893 351 2971 getibus
372 2891 514 2970 italisque
537 2911 602 2952 esse
625 2892 773 2970 depulsos.
817 2895 857 2951 At
877 2893 955 2951 idem
977 2895 1003 2952 ei
1026 2911 1142 2972 quoque
1172 2892 1307 2951 accidere
1335 2892 1443 2967 potuit,

234 2997 315 3073 quod
346 2995 520 3056 Niebuhrio.
531 2994 558 3074 ⁶)
610 2995 668 3073 Qui
700 2996 818 3075 quidem
847 2998 938 3055 multa
967 2998 1003 3055 de
1031 2990 1207 3074 'lhucydide
1233 2994 1444 3071 Antiochoqne

231 3097 348 3156 locutus
371 3099 471 3157 omnia
500 3101 681 3160 confundens
703 3100 786 3158 illurn
808 3099 879 3158 dicit
907 3101 1024 3158 tradere
1046 3097 1164 3160 Siculos
1189 3099 1292 3176 pulsos
1314 3115 1380 3156 esse
1403 3099 1443 3156 ab

234 3194 341 3277 Opicis
363 3200 568 3279 Oenotrisquc.
612 3202 701 3279 Quod
728 3210 827 3261 tamen
848 3210 912 3261 utut
933 3211 993 3275 cst,
1022 3203 1103 3261 nullo
1132 3203 1220 3261 modo
1250 3199 1350 3278 magni
1377 3219 1442 3258 mo-

232 3302 323 3364 menti
345 3321 411 3361 esso
432 3312 539 3380 potest.

319 3403 504 3483 Quamquam
525 3425 602 3482 quae
622 3427 713 3484 porro
735 3409 847 3484 profert
867 3407 1063 3479 Woelffliuus,
1085 3395 1145 3465 non
1166 3424 1288 3483 possum
1309 3411 1443 3481 praeter-

235 3508 360 3568 mittere.
403 3508 486 3568 Dicit
511 3508 605 3588 eninr,
634 3510 714 3587 quod
742 3512 820 3587 apud
841 3510 1044 3586 Thucydidem
1074 3517 1103 3566 et
1124 3508 1301 3566 Antiochum
1329 3507 1444 3584 pariter

235 3612 376 3689 scriptum
397 3611 530 3690 legamus
552 3605 670 3672 Siculos
693 3612 730 3672 ab
752 3612 856 3689 Opicis
883 3612 986 3688 pulsos
1007 3629 1047 3669 ex
1067 3610 1154 3668 ltalia
1174 3610 1205 3669 in
1227 3608 1359 3671 Siciliam
1386 3609 1443 3667 im-

234 3713 389 3792 migrasse,
411 3731 447 3771 eo
469 3713 562 3791 pluris
589 3731 656 3773 esse
684 3714 868 3787 babendum,
897 3714 976 3791 quod
1001 3714 1052 3771 alii
1079 3714 1183 3775 borum
1210 3714 1279 3772 loco
1299 3711 1443 3786 Umbros,

177 3811 182 3825 '
235 3814 392 3894 Pelasgos,
413 3815 592 3894 Aborigines
607 3817 829 3894 appellaverint.
866 3816 976 3894 ,alii“,
992 3817 1111 3889 andere,
1126 3817 1208 3887 dicit,
1222 3835 1283 3875 uon
1298 3813 1443 3891 ,ceteri“,

236 3917 284 3983 die
306 3918 437 3991 andern3
459 3918 509 3997 qui
530 3927 629 3979 tamen
650 3919 708 3980 soli
728 3919 831 3980 melius
854 3940 918 3980 eum
941 3922 1081 3996 adjuvare
1106 3926 1238 3996 possunt
1280 3918 1444 3978 Praeterea

236 4018 302 4095 quis
325 4021 380 4079 hos
403 4019 553 4098 appellati
584 4020 725 4080 Philistus
747 4029 777 4079 et
796 4021 959 4099 Dionysius
980 4021 1268 4082 Halicarnassensisl
1290 4017 1349 4094 Qui
1371 4019 1445 4094 quid

235 4135 437 4149 *—

304 4186 330 4251 ¹)
345 4184 468 4241 Goeller:
486 4187 521 4243 de
538 4188 594 4244 situ
611 4187 672 4260 Syr.
688 4188 814 4249 Proosm.
829 4205 857 4260 p.
874 4188 925 4246 XL

306 4274 326 4338 ¹)
343 4271 386 4328 De
403 4271 555 4342 fragmento
572 4275 619 4330 illo
635 4275 763 4333 Antiochi
778 4277 857 4347 plura
874 4277 995 4332 dicemus
1012 4277 1062 4342 111,
1079 4278 1111 4345 B,
1128 4277 1156 4346 b,
1173 4278 1197 4332 a

306 4359 326 4425 ⁸)
344 4356 834 4427 Cf.Th.Vl,2,4etAutiochilr.
853 4364 877 4417 1.

306 4445 327 4510 ⁴)
344 4441 471 4501 Antiochi
487 4445 520 4506 fr.
537 4448 563 4504 3.
843 4451 864 4516 ⁸)
882 4446 1003 4504 Niebuhr
1019 4449 1054 4510 Η,
1071 4449 1105 4509 R.
1120 4449 1144 4518 I,
1160 4448 1195 4505 92
1212 4449 1256 4506 ed
1272 4453 1334 4510 tert
