3038 5056
730 255 922 310 ...4-

216 450 317 500 tamen
338 438 524 516 Thucydidis
555 437 711 517 aequalem
740 439 850 511 fuisse,
881 437 991 515 quippe
1020 454 1106 515 quem
1135 435 1288 499 Diodorus
1319 437 1445 500 Siculus

219 542 255 602 B.
278 541 317 600 H.
340 541 366 614 I,
391 539 429 598 12
453 540 609 599 historiam
631 538 753 600 Siciliae
775 559 794 598 a
810 538 923 598 Cocalo
945 556 1017 616 rege
1039 556 1179 598 exorsum
1201 559 1294 617 usque
1317 539 1356 598 ad
1378 539 1444 616 pri·

216 662 296 702 mum
317 640 404 700 Darii
425 640 520 700 Nothi
542 659 667 712 annum,
689 639 708 697 i.
733 659 758 698 e.
783 637 1003 699 ccccxxiv.
1026 657 1053 696 a.
1077 638 1147 698 (ihr.
1169 650 1286 713 natum,
1317 659 1446 717 compo-

217 747 314 806 suisse
336 742 424 802 nobis
446 742 611 814 tradiderit,
630 744 693 816 J'am
715 741 897 800 Niebuhrius
920 740 1083 801 contendit.
1128 739 1190 801 Sed
1215 742 1296 819 quod
1318 739 1445 800 Goelle-

216 845 306 905 rum*
329 842 492 902 credidisse
514 842 587 900 dicit
601 841 790 901 Woelfflinus
812 861 841 918 p.
866 842 904 900 16
926 842 1107 901 Antiochum
1128 843 1284 903 historiam
1306 841 1446 902 Siculam

218 966 237 1005 a
260 944 365 1005 (locali
395 943 578 1020 temporibus
607 961 702 1020 usque
732 943 770 1000 ad
797 941 922 1002 Darium
950 942 1084 1003 Nothum
1114 944 1347 1020 conscripsisse,
1376 941 1446 1000 falli

217 1046 290 1105 mihi
312 1045 439 1116 uidetur,
463 1061 530 1102 cum
551 1044 640 1103 facile
669 1042 796 1121 intelligi
817 1043 915 1120 possit
935 1042 1032 1109 Darii¹
1051 1064 1145 1124 regno
1175 1044 1251 1104 nihil
1278 1062 1345 1103 esse
1374 1061 1446 1101 cum

217 1146 345 1208 historia
366 1145 420 1203 illa
443 1143 555 1205 Sicula.
601 1144 701 1220 Quare
730 1146 836 1204 eodem
858 1147 948 1205 modo
979 1146 1122 1206 stultitiae
1149 1153 1228 1205 esset
1256 1164 1292 1203 ac
1315 1145 1340 1203 si
1361 1143 1446 1200 dice-

219 1257 302 1311 retur
331 1245 517 1324 germaniee:
556 1240 740 1308 Gesobichte
770 1245 936 1308 Preussens
961 1267 1021 1308 von
1050 1247 1205 1306 Friedrich
1226 1246 1250 1304 1.
1269 1245 1316 1305 bis
1338 1243 1448 1319 Napo-

219 1351 290 1409 leon
311 1347 364 1406 III.
409 1345 499 1421 Quod
519 1346 638 1424 quidem
662 1347 750 1407 stulte
773 1348 885 1406 dictum
913 1367 980 1407 cum
1006 1349 1117 1408 nemini
1147 1348 1306 1406 attribuere
1336 1344 1448 1414 ausim,

221 1452 253 1509 in
277 1447 450 1508 Goellerum
473 1467 591 1526 quoque
614 1467 739 1525 cumque
762 1466 798 1507 eo
820 1450 851 1505 in
872 1448 1041 1509 Diodorum
1062 1449 1231 1524 hujusmodi
1251 1445 1382 1523 ineptiae
1405 1463 1450 1501 ne

221 1553 395 1610 incusentur
429 1549 530 1625 cupio
577 1551 719 1608 Attamen
753 1568 819 1610 oum
853 1548 1046 1608 nihilominus
1077 1549 1230 1609 Diodorus
1262 1547 1450 1607 Antiochum

221 1652 379 1712 historiam
402 1648 534 1711 Siculam
556 1669 650 1728 usque
673 1652 713 1710 ad
733 1652 860 1728 primum
882 1669 992 1709 annum
1006 1649 1093 1708 Darii
1116 1650 1331 1726 conscripsisse
1354 1645 1450 1714 dicat,

222 1756 332 1812 frustra
354 1752 483 1812 fortasse
504 1752 535 1810 in
559 1753 753 1813 defendendis
775 1753 835 1812 illis
860 1751 999 1811 laborare
1020 1752 1141 1821 uideor3
1170 1750 1303 1810 sednon
1325 1749 1368 1807 ita
1389 1755 1449 1808 est.

222 1857 342 1916 Etenim
365 1874 432 1913 cnm
454 1874 564 1914 annum
586 1855 687 1928 illum,
718 1874 776 1932 quo
799 1854 965 1913 Antiochus
994 1852 1149 1912 historiam
1179 1847 1310 1911 Siculam
1338 1849 1449 1920 finivit,

222 1976 288 2016 enm
310 1956 402 2016 fuisse
424 1964 506 2014 recte
528 1955 716 2015 Woelfflinus
738 1954 904 2030 conjecisse
918 1955 991 2013 mihi
1002 1954 1147 2026 videatur,
1164 1972 1222 2031 quo
1239 1949 1333 2013 Siculi
1348 1949 1449 2010 Galae

222 2078 329 2137 pacem
350 2057 429 2115 inter
451 2075 483 2117 se
507 2063 687 2116 sanxerunt:
711 2057 847 2134 equidem
869 2055 1049 2115 Antiochum
1071 2055 1142 2114 anni
1162 2054 1247 2132 pacis
1261 2052 1342 2114 illius
1365 2059 1449 2109 certe

222 2157 372 2219 statuendi
396 2175 488 2217 causa
509 2159 685 2232 adjunxisse
708 2157 857 2216 contendo
880 2157 1006 2215 eundem
1029 2175 1096 2215 eum
1117 2157 1209 2216 fuisse
1231 2174 1359 2227 annum,
1385 2172 1448 2229 quo

222 2260 255 2318 in
276 2259 377 2318 Persis
399 2257 511 2318 Darius
532 2259 651 2320 Nothus
672 2258 771 2317 Xerxi
792 2258 857 2336 regi
879 2257 1083 2318 successisset.
1127 2256 1213 2332 Quae
1235 2257 1354 2334 quidem
1370 2253 1448 2312 Dio-

225 2365 316 2420 dorus
337 2379 445 2438 paoem
465 2360 549 2418 illam
572 2345 708 2420 omnibus
731 2361 793 2418 fere
815 2360 950 2438 ignotam
966 2378 1032 2419 esse
1047 2367 1129 2419 ratus
1151 2357 1322 2428 memoriae,
1346 2355 1450 2425 oredo,

223 2460 356 2520 tradidit.
408 2458 479 2518 Pari
502 2461 598 2524 modo
628 2461 737 2540 legitur
765 2462 797 2520 in
827 2462 942 2522 scholio
972 2461 1024 2520 illo
1048 2463 1088 2520 ad
1108 2461 1196 2521 Pind.
1218 2459 1266 2520 Ol.
1289 2459 1328 2531 V,
1356 2457 1451 2528 19**,

224 2564 380 2622 Timaeum
402 2561 562 2622 tradidisse
579 2562 791 2638 ,camarinam
815 2558 1034 2624 aGelensium
1056 2573 1183 2641 tyranno
1201 2563 1327 2621 dirutam
1342 2566 1452 2636 postea

225 2688 245 2725 a
268 2664 449 2726 Gelensibus
479 2665 674 2724 instauratam
695 2683 762 2725 esso
790 2665 960 2743 olympiade
986 2664 1136 2736 LXXIX3
1166 2683 1268 2723 verum
1298 2660 1452 2720 excidium

229 2770 294 2841 ejus
316 2766 370 2826 sub
393 2765 468 2823 illud
490 2767 598 2825 cadere
624 2775 750 2845 tempus,
775 2786 837 2844 quo
855 2766 1077 2843 expeditionem
1100 2783 1184 2826 suam
1204 2764 1325 2824 fecisset
1338 2760 1454 2819 Darius

227 2869 426 2945 Hystaspes.“
594 2946 597 2952 Ι

313 2970 428 3044 Quibus
452 2971 589 3030 omnibus
618 2972 655 3030 de
684 2973 773 3032 rebus
803 2971 1045 3050 cognoscendum
1075 2978 1121 3029 est
1149 2969 1330 3029 Antiochum
1356 2984 1454 3042 usqne

228 3075 267 3132 ad
290 3092 399 3131 annum
423 3072 635 3134 COOGXXIV
657 3092 683 3132 a.
708 3072 778 3132 (ihr.
801 3081 903 3131 natum
931 3073 1056 3132 historia
1083 3067 1207 3132 Siciliae
1235 3068 1455 3130 conscribenda

229 3182 406 3250 occupatum
429 3176 536 3235 saltem
556 3176 665 3248 fnisse3
686 3177 740 3235 sed
763 3176 996 3253 quotiescunque
1016 3181 1149 3232 veterum
1164 3173 1342 3249 scriptorum
1356 3169 1454 3228 libros

229 3276 437 3348 evolverimus,
461 3296 607 3354 nusquam
627 3285 726 3336 tamen
748 3278 946 3350 inveniemus,
969 3295 1028 3355 qua
1049 3283 1147 3334 aetate
1169 3282 1301 3333 mortuus
1323 3271 1374 3328 ille
1397 3267 1455 3328 sit:

230 3386 263 3435 ut
284 3377 372 3436 facile
395 3378 434 3437 sit
455 3377 607 3436 intellectu
637 3379 787 3456 opinionis
815 3378 914 3451 illius,
944 3396 1003 3455 qua
1031 3377 1122 3453 paulo
1151 3383 1220 3434 ante
1248 3372 1457 3450 Thucydidem

231 3500 297 3540 eum
320 3479 477 3557 scripsisse
501 3481 707 3553 contendatur,
732 3490 883 3541 auctorem
899 3499 966 3540 esse
981 3476 1245 3539 Niebuhrium.·”
1282 3473 1371 3549 Quod
1386 3474 1453 3549 qui-

232 3583 300 3639 dem
323 3596 383 3658 quo
405 3581 495 3639 modo
510 3580 693 3641 Niebuhrins
716 3583 909 3653 demonstrat,
933 3581 1038 3638 afferre
1053 3579 1167 3650 nescio,
1190 3577 1365 3654 praesertim
1389 3594 1457 3633 cum

231 3701 270 3740 ne
292 3681 479 3741 Woelfflinus
503 3682 631 3760 quidem,
654 3683 707 3744 illo
730 3684 824 3756 nisus,
849 3682 1031 3761 argumentis
1053 3697 1129 3756 opus
1152 3696 1219 3738 esse
1241 3678 1363 3736 credere
1382 3676 1458 3734 mihi

231 3783 383 3841 videatur:
414 3790 462 3855 nt,
493 3801 552 3860 quo
574 3786 642 3858 jure
670 3761 854 3862 shperiorem
884 3785 1036 3861 aliquanto
1067 3799 1133 3843 eum
1152 3780 1252 3839 tuisse
1281 3777 1460 3854 Thucydide

233 3883 422 3942 Woeliliinus
444 3884 607 3956 contendit,
630 3887 736 3946 eodem
757 3904 813 3946 nos
836 3894 866 3945 et
887 3883 1076 3962 superstitem
1099 3901 1166 3940 eum
1186 3880 1337 3958 possimus
1356 3880 1459 3939 dicere

237 3992 267 4043 et
290 4003 357 4043 eum
372 4003 501 4062 qnoque,
523 3993 556 4043 ut
569 3985 784 4064 Thucydidem,
800 3993 894 4046 morte
909 3984 1083 4064 impeditum
1098 4000 1176 4055 esse,
1195 3983 1351 4061 quominus
1365 3981 1463 4040 histo·

235 4115 440 4131 Μ

236 4251 265 4304 p.
281 4151 522 4292 V'intioallart'be
539 4165 595 4223 situ
613 4170 642 4223 et
658 4167 763 4238 origine
780 4167 987 4238 Syracusarum.
1020 4164 1135 4235 Leipzig
1152 4164 1229 4224 1818·
1267 4162 1310 4224 οἳ·
1333 4160 1461 4223 mim·

292 4319 323 4355 *²*
340 4317 384 4375 Cf.
403 4315 511 4387 Fragm.
529 4319 633 4375 Timaei
651 4320 693 4379 91.
711 4335 738 4379 a.

272 4402 319 4440 a*
341 4400 476 4458 urentur:
495 4401 529 4458 n.
547 4403 580 4459 n
597 4420 624 4473 p.
644 4403 991 4474 retardassent?
1010 4403 1053 4461 ed·
1072 4403 1150 4473 prim.
