3038 5056
648 201 862 266 ...wc-..-

147 390 237 458 morio
272 386 459 475 exprimunt,
492 396 526 452 ut
559 400 748 469 nequaquem
769 393 929 468 quaeratur
951 371 969 451 ἰ
990 372 1154 471 alphei&
1207 380 1315 466 Quare*
1348 381 1380 452 si

147 517 223 558 unus
251 505 364 555 tantum
392 496 478 554 locus
500 502 540 552 ex
561 483 704 552 Antiochi
729 489 904 568 fragmentis
925 489 1090 563 afferretur,-
1112 509 1171 568 quo
1193 510 1251 570 pro
1274 487 1295 553 ὂ
1316 503 1379 554 stu*

146 595 303 678 λούμενος
325 595 468 671 scriptum
488 600 569 653 esset
590 578 766 676 ὁκίηθείς,
788 580 961 669 significans
976 579 1093 651 scilicet
1113 590 1195 670 quod
1216 606 1275 657 nos
1292 592 1378 653 ttici·-

146 717 212 759 mus
237 696 455 773 „sogenennt“,
479 700 578 766 certe,
608 693 680 771 quia
707 683 861 769 proprium
880 683 961 752 illius
982 682 1087 751 heberi
1107 694 1230 769 posset,-
1258 704 1379 774 thuguo'

147 800 216 860 usui
242 804 322 856 esset
343 796 525 855 Woelfflinot
575 792 637 855 Sed
665 812 732 853 cum
759 802 857 871 neque
882 802 923 852 ex
950 784 1045 870 ipsius
1069 793 1245 872 fragmentis
1274 808 1378 872 neque

151 901 206 973 eis,
228 915 304 975 quae
327 916 344 955 e
357 897 476 958 Philisti
490 887 665 973 Timaeiqte
679 893 819 972 operibus
833 885 921 954 nobis
936 893 1047 954 tradita
1060 900 1139 966 sunu
1160 884 1241 957 illius
1255 894 1378 955 formae

148 1018 219 1060 usus
241 1004 394 1076 appareat,
416 1008 542 1075 cumque
573 997 680 1056 borum
701 1001 844 1072 uterque,
872 995 1009 1072 quamtis
1029 987 1213 1056 Antiochum
1240 1003 1378 1070 secutus,

148 1120 203 1179 pro
226 1095 393 1182 ὀκληθείς
415 1091 517 1176 utique
543 1115 660 1173 semper
682 1097 795 1157 scribat
816 1083 1062 1177 ὁκαλούμενος,
1086 1094 1169 1155 nullo
1195 1096 1289 1157 modo
1310 1097 1379 1155 An·-

149 1200 299 1261 tiocheum
321 1200 381 1259 dici
401 1207 502 1277 potest
525 1200 599 1259 illud
619 1188 760 1282 κληθείς.

299 1303 333 1377 5)
361 1301 417 1360 Th,
432 1293 485 1373 VI,
508 1301 538 1373 ί,
561 1303 581 1360 5
604 1309 633 1359 et
648 1299 701 1375 VI,
725 1301 755 1373 5,
779 1299 797 1358 ί
820 1290 912 1380 ἔγγίς
925 1302 955 1359 et
968 1297 1023 1372 v1,
1037 1299 1069 1372 4,
1090 1300 1111 1358 4
1132 1302 1162 1357 et
1184 1297 1379 1382 δὴγίεοιιοι

363 1423 419 1480 pro
441 1399 593 1483 μάίκστιι·
1019 1478 1021 1482 ⁴

233 1503 373 1564 Breviter
406 1503 640 1580 simpliciterque
668 1494 840 1562 Woelfflino
874 1501 1098 1561 concedendum
1126 1508 1173 1561 est
1198 1503 1255 1561 hm
1282 1512 1379 1561 enun-

148 1604 293 1667 ciationes
315 1613 345 1664 et
376 1606 537 1663 abhorrere
566 1603 790 1680 aThucydidie
820 1619 956 1663 sermone
984 1609 1015 1662 et
1042 1603 1128 1680 quasi
1157 1594 1252 1680 digito
1283 1602 1379 1663 alium

147 1709 297 1786 quendam
325 1713 477 1764 auctorem
497 1714 673 1765 monstrare.
711 1703 773 1766 seu
794 1724 882 1784 quem
902 1704 1044 1765 tandem?
1072 1705 1123 1767 Ex
1136 1705 1281 1767 Antiochi
1294 1705 1378 1783 frag·

150 1808 257 1867 mentis
280 1807 355 1866 nihil
375 1824 499 1885 possum
521 1807 673 1886 colligere.

302 1911 335 1988 6)
357 1909 414 1968 Th.
429 1909 482 1982 Vl,
507 1908 537 1981 2,
561 1909 579 1967 6
602 1904 709 1972 ἕνεκεν
729 1924 784 1984 pro
806 1903 909 1971 ἕνεκα.

233 2008 303 2072 Ηοο
326 2029 444 2089 quoque
472 2008 652 2069 vocabulum
681 2017 761 2069 certe
783 2029 844 2067 non
866 2017 912 2069 est
932 2006 1166 2088 Thucydideum.
1207 2007 1289 2073 Nam
1318 2009 1378 2070 etsi

147 2115 181 2175 in
201 2115 278 2173 libro
300 2115 325 2186 I,
350 2113 401 2186 68,
424 2114 444 2171 4
467 2128 585 2191 quoque
613 2111 734 2171 invenio
761 2105 885 2184 ἕνεκεν,
914 2110 1089 2191 Kruegerus
1116 2119 1217 2172 tumen
1246 2111 1378 2171 affirmat

150 2234 249 2294 pauca
270 2215 323 2274 illa
340 2214 423 2288 Mes,
446 2233 523 2292 quae
542 2213 575 2271 id
595 2216 768 2290 praebeant,
791 2213 900 2273 nullius
921 2231 989 2273 esse
1010 2212 1162 2277 momenti.
1198 2213 1316 2274 Eadem
1338 2214 1378 2273 de

148 2335 242 2376 causa
262 2317 390 2375 fortasse
411 2321 554 2375 mutatum
577 2323 623 2374 est
642 2315 696 2387 VI,
720 2314 749 2387 2,
774 2316 792 2373 5
814 2311 935 2397 ,9ορρἄ
957 2332 996 2374 ex
1018 2315 1151 2400 βορέης,
1182 2313 1230 2377 cui
1251 2315 1378 2393 adjungi

153 2424 254 2493 potest
273 2414 405 2498 βορῥᾶν.
1386 2432 1390 2437 ’

303 2519 335 2593 t)
357 2518 518 2575 Auctorem
541 2514 635 2588 illum,
659 2535 675 2574 e
697 2518 780 2593 cnjus
810 2515 951 2594 operibus
972 2515 1164 2594 Thucydides
1189 2523 1285 2576 totum
1305 2513 1379 2577 libri

149 2617 230 2677 sexti
256 2617 473 2695 digressionem
504 2617 705 2693 excerpserit,
734 2617 934 2690 Antiochum,
974 2617 1156 2696 distinguere
1184 2618 1402 2679 Woelfflinus·

149 2718 303 2779 contendit
323 2718 416 2777 verba
435 2713 543 2790 οἰκεῖν,
565 2720 727 2798 νέμεσθαι
749 2727 778 2776 et
799 2713 929 2794 οἰκίζειν
950 2719 1110 2796 (κιίζειν);
1139 2719 1216 2778 adeo
1244 2727 1278 2777 ut
1305 2720 1378 2780 bar·

150 2819 231 2878 baris
254 2837 320 2877 cum
337 2816 634 2896 Carthaginiensibus
650 2820 836 2879 adscribatur
856 2815 965 2894 οἰκεῖν,
988 2819 1285 2900 Carthaginiensibus
1302 2823 1380 2883 eolis

149 2923 321 3002 νέμεσθαι,
345 2919 472 2981 Graecis
495 2915 637 2998 οἰκίζειν,
669 2923 750 2998 quod
769 2922 850 2981 idem
872 2932 918 2983 est
939 2941 975 2981 ac
996 2923 1121 2998 κτίζειν.
1166 2922 1252 2999 Quae
1272 2929 1377 2982 temen

150 3043 169 3079 a
191 3023 361 3081 Woelffliuo
384 3042 445 3082 non
466 3030 548 3082 recte
570 3022 711 3102 distingui
734 3024 823 3084 docet
843 3025 898 3084 Th.
919 3022 997 3083 liber
1017 3023 1071 3096 111,
1099 3025 1139 3085 88
1163 3024 1272 3083 collato
1293 3024 1375 3085 Pau·

150 3123 254 3183 sanias
275 3123 328 3183 illo
351 3124 517 3202 fragmento
540 3127 577 3185 de
596 3124 685 3187 Aeoli
706 3119 870 3199 ¹insulis⁴'⁴';
892 3127 931 3185 de
946 3125 1052 3204 quibus
1066 3125 1143 3185 locis
1165 3133 1288 3185 auctore
1305 3127 1376 3204 ipso

152 3223 323 3284 Woelfflino
345 3225 554 3315 idsmffiredo,
578 3225 637 3284 dici
658 3227 746 3286 debet
767 3246 803 3286 ac
818 3227 856 3286 de
869 3227 930 3287 illis
951 3227 1021 3286 libri
1035 3227 1123 3287 sexti.
1160 3227 1241 3287 Nam
1254 3226 1379 3304 Thucy·

150 3325 236 3384 dides
257 3325 312 3397 III,
335 3325 378 3384 88
397 3325 555 3403 iiiparaeie
580 3325 725 3386 adscribit
746 3331 909 3409 νέμεσθαι
931 3336 960 3386 et
982 3324 1096 3402 οἰκεῖν,
1126 3328 1295 3389 Pausanias
1317 3331 1379 3390 eis·

151 3428 219 3485 dem
240 3427 357 3515 κτίζειν
380 3426 444 3485 sive
466 3421 595 3501 οἰκίζειν
617 3435 647 3484 et
669 3422 775 3491 οἰκεῖν.
812 3428 914 3504 Quare
928 3430 1032 3489 nescio
1054 3449 1093 3490 an
1107 3430 1279 3493 Woelffliuo
1302 3451 1378 3492 con·

152 3517 252 3587 silium
275 3529 353 3599 dem,
375 3534 408 3584 ut
429 3528 487 3586 hoc
510 3546 627 3606 quoque
642 3528 710 3588 loco
726 3524 825 3593 οἰκεῖν
845 3551 901 3607 pro
923 3531 1039 3605 κτίζειν
1061 3540 1091 3591 et
1110 3534 1273 3612 νέμεσθαι
1295 3552 1379 3592 com-

151 3629 279 3686 mendet.
320 3627 440 3686 Etenim
461 3646 500 3687 ne
519 3628 552 3686 in
573 3628 647 3706 ipsis
667 3630 785 3707 quidem
803 3632 872 3689 libri
890 3631 968 3691 sexti
988 3632 1134 3710 capitibus
1154 3633 1379 3694 2-5w0e1ff·

151 3730 206 3788 lini
224 3730 300 3788 illud
320 3737 507 3806 potestesse
531 3731 698 3809 probabile,
721 3732 780 3791 nisi
802 3733 1003 3810 compluribus
1024 3733 1125 3794 verbis
1147 3734 1275 3794 mutatis.
1316 3736 1379 3796 Its·

151 3848 209 3907 que
231 3849 297 3890 cum
318 3830 463 3890 nonnulla
483 3833 555 3892 Mes.
575 3833 628 3906 Vl,
652 3834 689 3908 2,
721 3833 739 3893 2
770 3833 1015 3917 ε’νοικηοοίμενοι
1043 3826 1098 3912 p'ro
1130 3833 1379 3916 ἐνοικισάμενοι,

151 3931 205 4003 VI,
228 3930 265 4003 9,·
282 3933 299 3990 6
325 3933 580 4018 ξονοικήσοιννεςε
594 3955 651 4011 pro
669 3937 915 4010 ξονοικίσαντες,
938 3935 1219 4016 necmiuusV1,t,
1237 3938 1255 3995 3
1275 3939 1381 3999 omnia

153 4029 319 4116 ἐνοικῆσαι
339 4034 512 4109 praebeant,
536 4052 591 4111 pro
615 4055 673 4112 quo
698 4037 884 4096 Woelfflinus
906 4056 935 4114 p.
956 4038 974 4095 5
998 4044 1028 4095 et
1049 4037 1066 4095 6
1090 4032 1210 4100 οἰκίσαι
1226 4056 1380 4099 commen-

152 4135 214 4205 dat,
237 4139 350 4190 tantum
371 4142 404 4191 ut
425 4143 491 4194 rata
508 4135 577 4208 sint,
595 4154 670 4213 qnae
689 4138 726 4196 de
743 4138 836 4199 tribue
854 4139 915 4199 illis
932 4138 1031 4198 verbis
1049 4139 1264 4198 extricaverat:
1287 4160 1380 4201 nemo

205 4283 235 4384 *ζ
253 4278 376 4402 {mh
377 4277 491 4415 ¹prcaugtm
496 4282 556 4404 125.
574 4284 633 4342 172.
651 4285 709 4343 216.
727 4285 791 4356 2275
809 4286 914 4348 Xanth.
930 4287 960 4356 25
978 4284 1086 4343 Hellen.
1105 4287 1128 4342 1.
1147 4286 1206 4345 136.
