3038 5056
648 227 856 286 ..so-.-

148 416 220 476 illae
243 415 352 476 ceteris
370 414 484 475 'fuerint
501 415 648 490 majores,
675 415 758 492 quod
787 414 904 491 quidem
934 413 1166 475 concludendum
1195 420 1277 473 certe
1299 395 1363 488 est3

145 519 220 579 licet
240 537 293 579 eas
314 525 427 578 tantum
447 516 614 578 Pausanias
641 516 750 576 afferre
769 515 914 588 uoluerit,
942 534 1016 594 quas
1036 513 1139 576 Ouidii
1167 515 1239 574 oiim
1268 535 1361 576 occu·

42 621 51 627 “
145 628 308 701 paveram
329 627 428 679 tamen
449 639 511 680 non
531 618 652 678 nisiex
672 616 843 689 Hecataeo,
872 616 1041 690 Andocho,
1064 617 1259 694 Thucydide,
1286 617 1362 678 Phi·

147 723 228 797 listc,
249 722 373 782 Timaeo
394 721 514 781 haurire
532 727 659 797 poterat.
700 720 747 778 Ac
767 739 800 778 re
818 737 894 779 sera
922 717 1057 797 quidem,
1084 738 1153 778 cnm
1173 718 1257 780 initio
1278 721 1362 803 frag·

148 823 240 884 menti
260 821 428 884 Pausanias
449 821 581 899 appellet
600 819 790 891 Antiochum,
811 818 843 879 in
864 821 1031 897 posteriore
1051 839 1169 899 quoqne
1190 823 1363 900 ejuspmte

148 933 268 986 secutus
289 943 357 984 eum
376 942 444 985 esse
463 922 592 984 uidetur.
631 919 750 998 Quodsi
770 940 820 982 res
840 921 884 980 ita
905 923 1058 996 sehabet,
1079 941 1181 984 rursus
1200 925 1363 1002 quaeritur,

150 1046 203 1087 cur
223 1026 344 1086 tandem
358 1023 559 1103 Thucydides,
581 1023 633 1103 qui
655 1023 760 1084 eodem
773 1025 922 1085 Antiocho
944 1043 1015 1086 usus
1036 1044 1104 1085 esse
1124 1026 1240 1100 dicitnr,
1262 1026 1363 1092 Ascri-

148 1149 214 1213 μην
234 1128 364 1191 insnlrnr
382 1126 466 1189 illam
487 1125 692 1206 appellaverit,
713 1126 879 1187 Pausanias
900 1122 1069 1209 Aetnae?
1089 1128 1143 1210 qni,
1159 1130 1224 1203 fior,
1244 1137 1278 1189 ut
1299 1131 1363 1190 alia

149 1231 239 1292 etiam
260 1230 365 1290 eodem
384 1228 452 1289 loco
474 1228 526 1289 ille
547 1229 713 1289 narraverit
732 1228 900 1289 Pausaniae
920 1229 1046 1308 ignota?

234 1331 377 1409 Quamvis
397 1331 488 1413 igme
501 1331 566 1392 lieri
584 1331 726 1409 potnerit,
746 1338 779 1390 ut
800 1339 830 1391 et
842 1331 1031 1409 Thucydides
1050 1340 1083 1392 et
1098 1333 1263 1395 Pausanias
1282 1333 1365 1394 inter

151 1434 212 1497 alia
233 1443 372 1520 quattuor
384 1453 503 1514 quoque
514 1432 679 1496 insularum
698 1451 852 1492 nnmerum
873 1452 913 1494 ex
930 1434 1079 1495 Antiocho
1101 1434 1240 1509 hauriret,
1261 1444 1363 1496 tamen

154 1536 224 1602 aliis
256 1537 432 1616 quibusdam
460 1534 549 1598 rebus
576 1533 715 1595 arbitrari
744 1535 905 1614 prohibeor
931 1535 1134 1614 Thucydidem
1165 1539 1296 1616 pendere
1324 1539 1364 1598 ab

152 1639 312 1700 Antiocho.

236 1741 270 1819 4)
291 1740 396 1801 Restat
416 1747 453 1802 ,ut
471 1740 571 1806 airam
591 1740 629 1801 de
648 1738 693 1798 eis
714 1738 791 1799 locis
812 1738 892 1798 tertii
918 1740 1073 1819 quartique
1091 1740 1175 1816 lihri,
1202 1741 1235 1802 in
1257 1743 1364 1821 quihus

84 1913 87 1920 ,
153 1841 376 1912 conseribendis
389 1842 594 1920 Thucydidem
603 1841 744 1902 Antiochi
758 1841 891 1902 historiis
904 1841 1054 1903 liberrime
1067 1863 1153 1905 usum
1162 1863 1230 1905 esse
1240 1845 1365 1906 Woelff-

53 1941 58 1951 ’
151 1947 229 2017 linus
248 1953 335 2026 putat
354 1945 450 2023 p.1‘l.
486 1943 645 2021 Quaeritur
664 1944 755 2024 igitur
777 1945 815 2004 de
836 1945 972 2006 omnibus
992 1944 1053 2005 illis
1074 1946 1207 2024 proeliis,
1230 1967 1307 2026 qnae
1324 1951 1364 2010 ab

152 2068 230 2114 auno
254 2045 479 2113 CCCCXXVH
499 2065 593 2126 usque
615 2048 654 2108 ad
672 2066 780 2126 pacem
795 2045 956 2110 Gelensem
975 2066 1056 2107 anno
1072 2043 1283 2113 ccccxxiv
1302 2051 1367 2112 Tao-

153 2160 215 2221 tam
235 2151 396 2216 commissa
417 2159 495 2212 sunt

236 2256 283 2315 Ac
304 2253 378 2314 dicit
398 2253 516 2332 quidem
537 2251 724 2312 Woelfflinus
741 2255 804 2328 jam
827 2271 863 2312 aa
885 2252 923 2312 de
945 2270 1035 2312 causa
1047 2252 1209 2330 putandum
1230 2270 1296 2313 csse
1316 2255 1369 2316 his

154 2374 272 2436 quoque
292 2355 369 2416 locis
389 2355 520 2433 pendere
539 2354 743 2431 Thucydidem
764 2355 802 2415 ab
823 2354 989 2426 Antiocho,
1011 2354 1108 2431 quod,
1136 2363 1170 2413 ut
1195 2355 1368 2434 germanice

155 2455 253 2535 ipsius
271 2457 364 2515 verba
383 2455 523 2515 afferam:
548 2455 615 2532 ,die
631 2475 756 2517 excurse
770 2453 844 2516 iiber
858 2456 907 2516 die
922 2452 1089 2534 Charybdis
1103 2456 1164 2515 und
1178 2457 1227 2518 die
1239 2457 1368 2519 Aeolos·

154 2538 252 2622 inseln
272 2557 305 2618 in
326 2577 433 2638 engem
461 2559 731 2637 rmannenhsngr
759 2558 815 2618 mit
841 2559 898 2617 den
926 2559 1224 2637 kriegsoperationen
1251 2561 1369 2634 stehea,

156 2662 218 2721 und
232 2662 281 2724 die
294 2661 550 2736 bewohnerjerer
563 2662 660 2724 inseln
674 2661 938 2740 bundesgenossen
954 2662 1007 2721 der
1017 2659 1224 2740 Syrnkusaner
1234 2667 1367 2725 vaauen!¹

155 2764 223 2841 Qua
244 2772 343 2823 tamen
363 2764 480 2826 ratione
499 2765 573 2847 quaid
600 2765 741 2842 probetur
762 2765 874 2825 nescio.
915 2763 983 2824 Hoc
1005 2765 1084 2837 scio,
1110 2765 1314 2844 Thucydidem
1334 2767 1370 2828 in

154 2866 360 2928 descrihendis
381 2867 441 2928 illis
461 2867 569 2943 insulis
588 2867 662 2934 nihil
685 2875 765 2927 certe
787 2886 917 2940 curasse,
939 2879 1035 2927 utrum
1051 2866 1305 2946 Syracusanorum
1327 2890 1370 2932 an

155 2969 381 3030 Atheniensium
402 2971 521 3034 incolas
539 2971 666 3032 fuissent
679 2971 763 3036 socii.
798 2971 916 3032 Etenim
935 2970 1014 3030 hello
1029 2990 1122 3049 usque
1142 2971 1174 3031 in
1196 2991 1248 3034 eas
1268 2972 1370 3051 regio-

155 3090 210 3133 nes
232 3073 387 3146 translato,
411 3093 477 3133 cum
498 3095 585 3151 nemo
606 3074 797 3148 Atheniensis
817 3074 942 3135 Homeri
955 3075 1082 3136 Aeolum
1101 3077 1183 3135 illum
1204 3076 1368 3156 ignoraret,

158 3183 237 3236 certe
256 3175 438 3253 Thucydidis
461 3179 550 3236 credo
572 3185 652 3250 erat,
680 3178 806 3256 amplius
829 3178 974 3238 disserere
996 3180 1033 3237 de
1061 3178 1223 3239 insularum
1250 3178 1370 3238 illarum

61 3288 63 3291 ’
161 3287 190 3338 et
210 3279 319 3338 incolis
338 3288 370 3338 et
390 3279 448 3339 situ
469 3279 552 3339 nulla
576 3281 678 3343 hahita
704 3281 837 3353 ratione,
859 3289 961 3341 utrum
990 3300 1056 3341 eum
1086 3279 1280 3358 Syracusanis
1309 3286 1369 3338 ste-

157 3381 274 3453 tissent,
294 3399 396 3441 necne.

244 3485 285 3544 At
306 3474 497 3544 nihilominus
517 3482 584 3543 fieri
604 3483 748 3561 potuisse,
770 3491 803 3544 ut
824 3483 1013 3562 Thucydides
1033 3485 1212 3548 Antiochum
1234 3485 1369 3548 omnibus

160 3584 220 3646 illis
241 3585 319 3663 locis
338 3584 518 3659 consuleret,
539 3605 600 3647 non
622 3604 738 3664 negem,
761 3585 817 3646 etsi
838 3594 900 3644 tum
921 3586 1050 3647 omnium
1069 3588 1195 3666 primum
1209 3589 1369 3667 quaeritur,

159 3707 219 3765 qua
244 3687 360 3748 ratione
390 3696 419 3747 et
446 3697 589 3771 quatenns
619 3689 668 3747 hic
699 3687 844 3749 bellorum
872 3687 990 3750 illorum
1020 3701 1142 3752 eventus
1171 3691 1370 3768 descripserit.

160 3788 222 3852 Sed
244 3810 309 3852 cunr
329 3791 441 3852 nullum
462 3793 623 3857 habeamus
638 3792 778 3854 Antiochi
799 3793 1006 3873 fragmentum,
1028 3794 1106 3873 quod
1122 3793 1162 3852 ad
1174 3793 1228 3853 illa
1242 3801 1370 3872 spectets

161 3911 201 3953 ex
221 3895 306 3954 vanis
328 3895 495 3972 hujusmodi
520 3896 741 3977 quaestionibus
763 3896 834 3974 qnid
855 3898 974 3960 tandem
999 3896 1141 3974 colligere
1163 3896 1268 3958 daturi
1302 3897 1370 3975 Ego

161 3994 279 4074 quidem
300 3996 374 4056 nihil
394 3998 525 4073 invenio,
547 3997 604 4058 nisi
626 3997 785 4059 verisimile
815 4016 881 4058 esse
902 3999 1096 4072 Antiochum,
1127 4019 1193 4060 cunr
1217 4001 1371 4077 usquead

161 4117 271 4157 anuum
294 4095 503 4161 ccccxxlv
525 4102 680 4165 historiam
706 4121 790 4162 suam
818 4101 974 4180 scripsisse
1002 4102 1135 4178 dicatur,
1163 4121 1267 4182 pacem
1288 4101 1372 4162 illam

161 4197 330 4262 Siculorum
351 4199 447 4263 Gelae
467 4205 578 4265 factam
599 4207 630 4267 in
650 4207 710 4266 line
732 4204 831 4284 operis
854 4225 1110 4268 commemorasse·
1157 4207 1203 4269 Ac
1231 4206 1311 4284 quod
1339 4205 1371 4268 in

164 4303 300 4362 omnihus
321 4304 383 4364 lere
403 4307 584 4382 proeliorum
607 4308 855 4387 descriptionibus
874 4309 967 4369 uerba
988 4308 1133 4387 quaedam
1147 4307 1247 4368 insunt
1259 4328 1279 4368 a
1292 4309 1371 4369 Thu·

164 4405 278 4481 cydidis
301 4425 437 4468 sermone
460 4410 573 4484 aliena,
605 4431 641 4473 eo
663 4412 763 4473 omnia
783 4411 837 4472 illa
864 4418 990 4480 noscunt
1016 4408 1139 4486 reterri,
1166 4411 1247 4490 qnod
1275 4410 1372 4470 exsuli
