3038 5056
648 163 861 223 ..13...

147 375 226 418 nunc
251 373 367 434 qnoque
389 353 511 434 verbum
531 347 654 432 λὲγέται
675 351 713 409 ad
728 350 907 409 Antiochum
928 345 1114 407 referendum
1135 363 1202 408 esse
1217 342 1363 408 Woelffli-

151 479 207 520 nus
223 460 423 528 contenderet,
440 457 509 533 quia
525 456 602 532 apud
617 451 820 528 Thucydidem
835 451 974 529 legimus:
994 445 1048 511 nai
1062 449 1147 512 iuter
1162 442 1181 536 ἡ
1195 449 1366 533 Χάρυβδις

144 560 306 645 κληθεῖσα
325 558 428 632 τοῦτο,
444 545 473 641 ῃ*
484 555 668 625 Ὀδυσσεύς
689 551 809 633 λέγεται
827 547 1030 614 διαπῖιῦσαι.
1061 550 1248 612 contendere
1263 559 1365 612 tamen

147 664 333 722 Woelfflinus
354 660 479 738 videtur,
502 658 581 736 quod
604 652 624 738 ἡ
645 653 805 738 κληθεῖσα
828 655 995 715 enunciatio
1017 671 1077 714 nou
1100 653 1139 714 sit
1157 652 1363 731 Thucydides,

148 780 326 841 aequoque,
348 780 423 838 qnae
440 761 475 819 de
491 761 547 818 situ
564 757 731 833 Charybdis
747 763 913 828 narrantur,
936 773 1002 815 esse
1018 755 1124 815 aliena
1154 752 1239 832 Quae
1262 764 1364 814 tamen

148 884 205 925 nec
226 871 306 922 recte
328 863 408 922 dicta
436 862 509 919 mihi
530 878 585 918 nec
615 857 790 916 testimoniis
815 858 936 916 refutari
957 875 1047 936 posse
1072 859 1223 930 ridentum
1252 858 1365 936 quippe

148 984 235 1045 quae,
258 974 290 1022 ut
310 965 342 1022 in
364 964 417 1022 tali
437 982 480 1035 re,
503 981 542 1020 ex
563 967 687 1038 utraque
708 968 794 1036 parte
818 960 928 1019 frustra
956 967 1143 1037 quaerantur.
1184 959 1220 1018 ld
1248 967 1365 1018 tantum

148 1087 254 1128 moneo
270 1066 473 1143 Thucydidem
487 1066 582 1122 virum
602 1063 752 1121 literatum
774 1069 853 1121 certe
875 1081 936 1121 noa
956 1063 1122 1141 ignorasse,
1146 1060 1196 1120 ubi
1215 1068 1364 1119 terrarum

150 1170 318 1246 Charybdis
338 1167 391 1226 illa
411 1168 480 1225 inde
503 1167 540 1224 ab
562 1165 694 1224 Homero
717 1164 852 1223 fabulose
873 1164 983 1222 tradita
1004 1165 1119 1223 uersari
1139 1162 1287 1223 diceretur
1294 1183 1303 1236 3
1329 1171 1364 1220 ut

147 1270 289 1333 Antiochi
310 1268 392 1326 illam
414 1269 644 1346 descriptionem
665 1266 806 1325 facillime
827 1276 931 1344 posset
950 1266 1122 1344 praeterire.

233 1373 266 1449 3)
288 1371 344 1429 Th.
366 1371 427 1442 111,
454 1371 503 1431 88.
544 1370 593 1428 Ad
620 1370 679 1428 hoc
709 1369 745 1427 cf.
767 1369 814 1426 W.
844 1388 892 1447 qu.
921 1389 951 1446 p.
976 1371 1025 1430 13.
1065 1369 1181 1428 Dicitur
1212 1369 1249 1426 de
1272 1367 1364 1427 Aeoli

148 1474 265 1535 insulis

232 1576 319 1636 Hauc
341 1575 378 1633 de
395 1574 483 1634 Aeoli
505 1581 643 1653 quattuor
662 1573 723 1632 illis
743 1573 848 1632 insulis
869 1575 1069 1634 narrationem
1084 1573 1110 1634 ai
1133 1573 1225 1634 semel
1245 1579 1362 1631 tautum

150 1681 229 1758 apud
250 1677 454 1753 Thucydidem
481 1677 648 1756 legeremus
679 1676 788 1736 collato
813 1676 865 1736 illo
888 1676 1028 1736 Antiochi
1054 1678 1220 1756 fragmento
1246 1676 1365 1735 aPau·

150 1782 235 1842 senia
247 1779 272 1859 ¹)
287 1788 418 1852 servato,
442 1780 575 1839 dubitare
589 1798 648 1837 non
667 1795 824 1855 possemus
839 1777 1009 1838 Woelfflino
1025 1781 1187 1839 concedere
1201 1787 1231 1838 et
1244 1780 1364 1855 Thucy·

150 1886 248 1944 didem
269 1892 298 1942 et
318 1883 498 1943 Pausaniam
518 1882 649 1960 pendere
672 1882 709 1939 ab
723 1881 883 1940 Antiocho.
921 1880 983 1943 Sed
1003 1883 1108 1942 iterum
1128 1884 1290 1958 iterumque
1313 1897 1365 1938 ac·

153 1987 282 2048 curatius
299 1985 500 2062 spectantibus
514 1985 601 2043 nobis
616 2004 676 2043 nou
691 1984 791 2061 utique
802 1984 845 2042 ita
860 1985 961 2063 colligi
973 2003 1063 2063 posse
1074 1986 1296 2063 intelligendum
1308 1991 1365 2043 est.

236 2093 283 2149 Ac
303 2088 427 2165 primum
457 2088 575 2165 quidem
596 2087 649 2145 illa
676 2088 714 2145 de
734 2086 886 2146 Pausania
913 2089 1059 2148 sententia
1080 2108 1140 2149 non
1169 2095 1215 2146 est
1243 2086 1366 2164 propria

151 2191 328 2263 Woelfflini3
360 2192 439 2268 quod
470 2200 567 2249 tamen
590 2197 619 2247 et
640 2190 707 2266 ipsa
738 2191 858 2247 eredere
880 2199 910 2248 et
938 2191 1005 2250 aliis
1032 2191 1211 2268 persuadere
1237 2188 1365 2259 videtur,

153 2313 220 2353 cum
243 2294 315 2352 dicit
334 2314 364 2371 p.
384 2295 438 2351 14:
461 2293 548 2367 ,dem
561 2293 726 2350 Antiochus
741 2293 834 2351 direct
851 2293 978 2368 (scilicet
991 2294 1156 2354 Pausanias
1172 2299 1288 2352 secutus
1304 2291 1363 2367 est)

153 2397 227 2456 oder
248 2397 344 2453 eiuem
366 2403 468 2464 autor,
499 2395 552 2453 der
578 2395 635 2452 dan
662 2393 827 2453 Antiochou
856 2395 910 2453 mit
936 2414 1043 2454 namen
1071 2396 1165 2454 citirte
1194 2395 1253 2452 und
1282 2393 1364 2452 aeine

153 2496 343 2575 schilderuug
364 2495 499 2556 aiemlich
520 2493 656 2557 wdrtlioh
676 2495 827 2569 mitteilte,
858 2497 1025 2575 behaupten
1047 2499 1121 2557 wir“
1143 2508 1198 2556 etc.
1244 2490 1365 2557 Goelle-

156 2620 207 2660 rus
230 2600 320 2658 enim:
350 2598 431 2675 „Sed
452 2608 512 2657 tum
534 2599 754 2677 Thucydidem,
777 2597 866 2679 ait2),
888 2609 949 2659 tam
969 2599 1148 2659 Pausaniam
1168 2601 1206 2658 ab
1226 2597 1368 2659 Antiochi

153 2701 330 2762 auctoritate
350 2702 481 2778 pendere
501 2703 609 2762 rectius
631 2711 703 2779 puto
726 2701 813 2762 dici.“
858 2703 960 2763 Habes
983 2704 1144 2763 Woelfflini
1170 2702 1365 2763 sententiam!

154 2808 196 2865 At
216 2806 274 2864 huc
296 2804 412 2863 accedit
433 2806 539 2877 etiam,
569 2807 649 2883 quod
669 2806 774 2864 iterum
796 2806 981 2868 Woelfflinus
1002 2807 1067 2884 ipse
1092 2825 1192 2866 secum
1221 2807 1367 2866 dissentit

156 2909 275 2968 Etenim
297 2926 362 2967 cum
384 2927 433 2985 pp.
457 2913 495 2969 11
520 2918 549 2968 et
571 2904 659 2982 tosti
683 2909 832 2986 posuisset
853 2929 909 2969 nec
924 2909 1099 2971 Strabonem
1119 2915 1174 2968 ueo'
1188 2909 1367 2986 Dionysium

154 3009 224 3069 Hal.
245 3009 372 3069 historia
392 3009 493 3071 Sicula
514 3013 655 3073 Antiochi
674 3015 736 3088 jam
757 3013 799 3070 uti
819 3014 970 3091 potuisse,
992 3014 1101 3092 quippe
1124 3033 1199 3091 quae
1222 3011 1367 3071 obliuioni

156 3113 227 3171 data
244 3114 307 3186 jam
328 3113 447 3173 fuisset:
476 3134 554 3174 nuuc
577 3117 694 3193 quidem
715 3117 894 3176 Pausaniam
916 3116 1007 3176 multo
1037 3117 1232 3195 posteriorem
1253 3115 1313 3174 illis
1335 3115 1365 3172 iu

155 3214 291 3273 manibus
314 3234 378 3273 eam
400 3207 539 3276 habuisse
562 3220 721 3279 contendit.
758 3219 857 3296 Quare
880 3222 1038 3298 quaeritur,
1062 3240 1138 3300 quae
1152 3222 1212 3280 siut
1231 3221 1363 3277 veriora:

154 3317 246 3376 illane
268 3336 306 3376 an
327 3319 411 3376 haee.
447 3321 488 3377 At
502 3320 567 3396 quis
589 3329 688 3398 potest
702 3323 884 3382 decernere?
916 3323 1041 3400 Quodsi,
1064 3327 1143 3403 quod
1157 3324 1229 3382 mihi
1250 3323 1368 3401 quidem

156 3419 318 3479 uerisimile
340 3438 407 3480 esse
428 3422 561 3494 videtur,
584 3422 645 3481 suis
667 3425 848 3500 temporibus
869 3425 1035 3484 Pausanias
1057 3446 1116 3484 non
1136 3428 1198 3500 jam
1219 3427 1285 3503 ipsa
1306 3427 1368 3483 An·

158 3522 250 3581 tiochi
271 3523 396 3582 historia
416 3525 459 3582 uti
479 3525 592 3602 potuit,
622 3526 679 3584 hac
699 3525 815 3585 ratione
836 3526 916 3585 illius
936 3528 1092 3604 fragmenti
1122 3526 1283 3588 auctoritas
1306 3531 1369 3604 jam

157 3625 249 3685 multo
273 3626 455 3703 deprimitur,
484 3627 553 3705 quia
576 3646 615 3686 ex
637 3628 696 3685 alio
719 3647 836 3705 quoque
858 3647 954 3688 rerum
976 3630 1130 3707 scriptore,
1156 3633 1206 3710 qui
1227 3633 1369 3691 Antiochi

158 3744 268 3784 nomen
288 3728 446 3801 afferebat,
475 3729 568 3788 multa
596 3729 694 3789 aliena
716 3729 844 3789 adscribi
866 3730 894 3789 ei
914 3732 1001 3792 iacile
1029 3741 1176 3810 poteraut
1220 3732 1281 3794 Sed
1304 3735 1369 3811 quis

159 3825 278 3885 tandem
299 3837 345 3888 est
373 3831 498 3890 auctor?
529 3832 719 3911 Thucydides
747 3836 813 3912 ipse
842 3835 1021 3895 Antiochum
1050 3855 1111 3894 non
1140 3837 1286 3913 appellat3
1318 3838 1369 3896 Ti·

159 3946 275 3986 maeum
295 3930 461 3993 Pausanias
483 3955 544 3994 nou
566 3937 744 4013 cognovisse
764 3939 900 4009 videtur,
931 3958 996 3998 cum
1009 3951 1162 4016 nusquam·
1192 3942 1254 4016 ejus
1267 3941 1270 3948 “
1284 3942 1369 4017 quid-

161 4049 248 4106 quam
280 4031 399 4107 afferat3
432 4036 486 4095 sed
518 4056 553 4096 eo
590 4038 695 4097 melius
726 4039 881 4098 Philistum
894 4038 930 4119 ³).
984 4041 1069 4117 Quae
1107 4051 1206 4103 tamen
1245 4053 1368 4104 cunctae

159 4144 360 4161 ¹-·——-——

232 4182 250 4245 ¹)
268 4180 418 4238 Pausanias
436 4185 498 4252 XII,
516 4187 542 4241 3.
577 4185 706 4243 Antiochi
726 4187 822 4258 fragm.
839 4189 865 4247 2.

227 4266 250 4330 ¹)
269 4263 393 4322 Goeller:
412 4269 446 4322 de
465 4271 519 4327 situ
537 4271 632 4342 syrac.
648 4289 675 4344 p.
688 4272 723 4333 X.

230 4349 253 4418 ⁸)
272 4350 378 4408 Philisti
395 4351 426 4408 ir.
444 4355 477 4411 46
495 4362 523 4412 et
539 4358 585 4420 49.
