3038 5056
615 303 825 363 ..15-

118 493 318 553 demonstrent
339 488 452 562 nescio,
475 507 541 549 cum
563 507 600 548 aa
620 496 733 550 tantum
747 487 917 550 testimonio
934 503 1000 547 esse
1014 505 1104 564 posse
1119 486 1190 548 mihi
1205 487 1327 547 ridean-

116 604 179 666 tur,
212 611 289 670 quae
322 591 431 670 singuli
462 592 623 668 scriptores
653 600 721 650 ante
750 590 930 650 Antiochum
954 589 1216 668 Thucydi'demque
1245 591 1328 651 varie

115 694 308 766 tradiderant,
330 701 362 753 nt
381 693 511 774 Hippys,
532 692 725 766 Hellanicus,
754 692 924 753 Hecataeus
954 692 1111 769 ceterique.
1159 690 1220 753 Sed
1249 693 1328 771 quod

117 797 253 875 equidem
274 796 348 869 scio,
370 815 456 854 nemo
478 805 597 872 praeter
617 795 775 854 Philistum
795 793 1033 872 Dionysiamque
1054 793 1256 870 Woelfflinum
1276 796 1329 869 adq

112 902 214 973 juvat3
242 897 300 957 nisi
321 899 397 957 forte
419 915 470 969 ca,
494 914 570 974 quae
591 896 756 975 Dionysius
777 898 814 953 A.
836 896 872 954 R„
894 896 927 969 I,
956 895 995 954 22
1025 896 1110 963 initio
1139 896 1175 956 de
1202 916 1235 957 se
1263 899 1329 974 ipso

117 1000 201 1072 dicit,
223 1000 387 1059 referantur
408 999 448 1058 ad
468 999 666 1058 Hellanicum.
711 997 772 1061 Sed
794 999 895 1059 confer
915 999 1071 1059 Niebuhrii
1092 999 1132 1060 H.
1154 1000 1190 1062 R.
1212 1001 1242 1074 I,
1273 1003 1330 1071 533

116 1101 234 1161 Philisti
255 1101 359 1180 fragm.
383 1100 418 1174 23
440 1099 590 1159 Hellanici
611 1101 716 1178 fragm.
739 1102 790 1160 53.

207 1202 267 1265 Sed
289 1212 358 1264 sunt
379 1204 477 1276 etiam,
501 1221 578 1280 quae
598 1201 667 1262 huic
695 1202 902 1281 quaestionum
930 1204 1008 1279 parti
1037 1203 1123 1282 qnasi
1151 1204 1332 1281 appendices

119 1309 294 1387 adjungam,
329 1326 394 1365 cum
425 1306 535 1364 nullius
566 1305 707 1364 momenti
739 1305 811 1364 mihi
839 1305 997 1365 videantur
1030 1325 1105 1367 esse.
1148 1306 1231 1366 Dicit
1252 1286 1332 1366 enim

122 1409 308 1469 Woelfflinus
322 1408 353 1465 in
369 1408 590 1486 quaestionibus
606 1407 667 1466 suis
689 1427 718 1484 p.
736 1408 785 1480 12,
804 1410 867 1483 jam
880 1408 1075 1492 Niebuhrium
1090 1411 1335 1470 animadvertisse

118 1512 299 1591 Thucydidis
320 1511 437 1570 Italiam
459 1529 623 1589 congruere
646 1529 711 1569 cnm
725 1511 875 1570 Antiocho
891 1511 925 1588 ¹).
961 1511 1002 1569 At
1023 1512 1094 1591 quid
1114 1513 1224 1572 multa?
1254 1514 1334 1575 Num

121 1617 199 1675 forte
220 1621 304 1673 tanta
324 1615 507 1694 negligentia
528 1613 619 1674 fuisse
638 1614 842 1691 Thucydidem
864 1614 1028 1685 credamus,
1051 1623 1083 1673 ut
1100 1617 1238 1688 nesciret,
1261 1637 1335 1694 quas

121 1718 152 1775 in
174 1726 275 1797 partes
296 1718 407 1795 Magna
429 1713 560 1775 Graecia
580 1716 634 1774 illa
656 1723 735 1776 esset
756 1714 873 1775 divisa?
905 1717 950 1773 Ac
978 1715 1049 1775 licet
1076 1717 1165 1778 fuerit
1184 1719 1269 1794 hujus
1291 1720 1335 1777 rei

120 1820 248 1878 inscius:
271 1837 370 1877 nonne
391 1818 478 1875 facile
501 1826 565 1876 erat
592 1818 741 1896 exquisito
762 1818 922 1877 Tarentum
950 1817 1099 1897 Japygiae
1128 1839 1194 1879 esse
1221 1823 1334 1893 urbem,

120 1923 322 2000 Metapontum
342 1919 467 1979 Italiae?
500 1920 617 1979 Etenim
640 1938 715 1998 quae
734 1922 797 1996 jam
819 1928 887 1980 sunt
908 1938 998 1992 vera,
1024 1939 1130 1993 nemo,
1153 1922 1254 1994 credo,
1276 1930 1334 1980 tra-

120 2025 190 2082 dere
211 2030 311 2099 potest
332 2023 420 2080 etiam
441 2023 569 2086 veriora.
612 2022 773 2081 Praeterea
802 2042 869 2080 cum
898 2023 1002 2081 eodem
1033 2023 1142 2083 collato
1169 2023 1334 2084 Niebuhrio

119 2127 149 2200 1,
175 2147 204 2204 p.
228 2126 267 2185 20
296 2126 518 2204 intelligendum
546 2127 585 2186 sit
613 2126 730 2185 ltaliam
758 2125 811 2184 illa
837 2135 935 2184 aetate
964 2145 983 2184 a
1011 2125 1141 2207 iapygia
1170 2135 1200 2186 et
1227 2126 1336 2207 Opicia

121 2237 259 2288 accurate
298 2229 389 2289 fuisse
429 2230 607 2302 discretam,
651 2229 716 2306 ipse
753 2228 943 2305 Thucydides
981 2248 1041 2288 non
1066 2230 1178 2311 *potuit
1217 2230 1335 2289 tradere

122 2334 280 2392 contraria.

206 2451 290 2528 Quae
313 2453 438 2530 amplius
461 2453 647 2513 Woelfflinns
670 2454 826 2531 opinatur,
846 2452 983 2511 videntur
1003 2452 1075 2510 mihi
1096 2471 1157 2512 non
1188 2470 1254 2512 esse
1275 2470 1336 2510 me·

121 2557 207 2615 liora.
249 2556 356 2614 Posuit
378 2557 455 2614 enim
478 2577 506 2634 p.
525 2559 574 2629 15,
599 2575 664 2615 cum
686 2575 740 2627 ea,
769 2573 846 2633 quae
867 2554 1033 2614 Pausanias
1054 2555 1091 2625 V,
1115 2554 1166 2627 25,
1189 2557 1207 2617 6
1232 2555 1269 2615 de
1291 2553 1338 2614 Si·

122 2660 208 2717 ciliae
229 2658 337 2717 incolis
367 2659 553 2735 scripsisset,
582 2667 779 2738 congruerent
808 2678 875 2716 cum
895 2652 1129 2735 Thucydidcl),
1157 2659 1257 2718 omnia
1284 2658 1338 2717 illa

121 2764 228 2821 hausta
249 2780 315 2822 esse
337 2780 376 2821 ex
398 2762 566 2833 Antioch0;
595 2762 771 2839 praeserim
799 2781 864 2819 cum
893 2768 1015 2838 uterque
1036 2760 1209 2821 Phocenses
1223 2750 1269 2821 *in
1291 2758 1338 2821 Si·

124 2864 222 2923 ciliam
243 2864 430 2942 immigrasse
451 2865 631 2923 tradidisset
669 2862 730 2925 Sed
752 2883 817 2922 curn
832 2863 999 2923 Pausanias
1022 2881 1060 2920 ex
1083 2883 1141 2939 quo
1163 2864 1244 2922 fonte
1265 2865 1337 2923 hau·

123 2968 194 3028 serit
215 2987 276 3026 non
296 2967 425 3038 indicet,
455 2967 629 3044 Thucydide
659 2985 776 3044 quoque
797 2985 883 3026 usum
905 2984 970 3024 eum
993 2983 1059 3024 esse
1088 2983 1245 3040 possumus
1268 2983 1337 3024 oon·

123 3068 253 3128 tendere.
296 3069 375 3130 Nam
398 3071 477 3146 quod
500 3078 568 3129 sunt
596 3070 742 3147 quaedam
764 3075 868 3145 terque
899 3074 1060 3145 quaterque
1084 3067 1274 3140 verisimilia,
1302 3085 1338 3125 eo
1408 3056 1410 3060 ’

124 3171 190 3248 ipso
213 3190 272 3230 non
295 3190 370 3248 opus
393 3180 448 3242 est,
469 3180 502 3229 ut
520 3173 582 3245 jam
604 3171 664 3231 sint
684 3167 936 3248 demonstratai).

209 3291 308 3369 Atque
319 3292 394 3349 haec
406 3291 525 3367 quidem
536 3291 636 3362 habui,
649 3308 725 3367 quae
737 3289 907 3349 Woelfflino
923 3290 1020 3349 adhuc
1031 3307 1212 3365 opponerem
1224 3289 1340 3365 Thucy·

127 3393 225 3451 didam
239 3393 270 3451 in
290 3393 374 3451 initio
390 3393 469 3452 sexti
483 3391 551 3451 libri
566 3393 604 3452 ah
617 3392 767 3452 Antiocho
789 3393 920 3469 pendere
940 3391 1057 3450 dicenti.
1095 3389 1227 3467 Cumque
1242 3390 1341 3448 omnia

126 3495 198 3565 tere,
220 3514 297 3573 quae
318 3495 440 3572 protulit
460 3495 521 3565 ille,
545 3496 601 3554 etsi
623 3515 684 3554 non
705 3497 784 3567 ficta,
812 3503 941 3554 attamen
962 3495 1015 3553 vix
1037 3494 1209 3553 verisimilia
1228 3500 1341 3551 tantum

127 3614 193 3656 esse
213 3597 285 3655 mihi
306 3597 472 3669 videantur,
494 3618 527 3656 re
548 3615 621 3657 vera
641 3597 673 3656 in
695 3607 839 3656 secretam
861 3597 943 3655 illam
964 3597 1135 3674 regionem,
1159 3615 1246 3672 quarn
1269 3595 1342 3653 dicit

126 3719 156 3775 p.
181 3698 230 3769 12,
253 3698 409 3757 abductum
429 3720 476 3757 me
498 3717 563 3758 esse
580 3701 680 3772 credo,
702 3708 734 3759 ut
749 3720 815 3759 cum
830 3699 1019 3776 Wesselingo
1042 3699 1211 3765 exclamare
1232 3717 1341 3775 cogar:

125 3801 157 3860 in
180 3808 262 3860 tanta
282 3819 380 3860 rerum
395 3801 523 3879 caligine
538 3803 604 3880 quis
620 3802 779 3862 decernet?
811 3800 911 3877 Quare
932 3801 1126 3860 libentissime
1145 3799 1341 3860 Niebuhrium

127 3903 279 3961 ductorem
318 3921 477 3982 sequerer,
518 3905 545 3965 si
581 3902 699 3986 utilitati
731 3902 803 3963 mihi
835 3911 936 3977 esset,
977 3904 1128 3981 appellare
1169 3904 1341 3978 cujusquam

126 4004 341 4064 auctoritatem.
1249 3997 1253 4010 ’

129 4153 332 4169 *ι*

200 4242 217 4308 ¹)
236 4239 278 4296 cf.
295 4239 346 4297 sn.
364 4238 412 4310 vr,
431 4239 464 4294 tt
483 4245 511 4296 et
527 4240 591 4309 vn,
610 4240 657 4307 aa
675 4239 804 4296 sarran
815 4218 853 4297 o.
870 4238 887 4295 4
905 4243 933 4296 a
949 4239 975 4306 a
993 4235 1113 4295 uterum
1131 4239 1165 4297 u.
1182 4238 1214 4309 a,
1233 4238 1255 4304 1,
1273 4251 1339 4307 pag.

197 4495 217 4564 ³)
234 4494 336 4552 Videas
355 4496 437 4553 stiam
454 4511 525 4567 qnae
543 4497 599 4555 dixi
611 4497 662 4568 111,
679 4496 712 4567 B,
729 4494 757 4566 b,
774 4495 799 4552 3.
