3038 5056
666 291 852 350 1-8-

151 479 220 541 loco
241 477 368 539 indicari
389 479 507 538 dixerit
550 477 644 536 Immo
667 496 739 535 vero
761 477 805 535 ita
823 475 965 553 scriptum
987 483 1043 550 est,
1064 476 1271 556 utKruegero
1289 487 1377 540 certe

150 582 272 640 nuntius
295 580 402 656 aliquis
424 579 550 638 indicari
565 578 711 649 videatur,
733 578 815 638 nullo
830 579 920 638 modo
935 579 1101 639 Antiochus
1116 581 1229 639 aliusve
1249 581 1376 642 histori-

152 701 263 739 corum.
307 678 368 740 Sed
390 681 463 739 satis
487 680 526 739 sit
549 681 586 738 de
607 678 756 757 Kruegeri
787 681 963 739 auctoritate
991 681 1097 739 mirum
1117 682 1150 739 iu
1174 683 1295 740 modum
1316 702 1375 759 ap-

150 782 273 858 pellata,
296 781 353 840 etsi
373 781 507 859 ignotum
529 779 700 838 Woelfflino
716 797 857 839 essenon
872 788 1000 857 poterat,
1023 783 1143 841 omniuo
1160 782 1243 840 illum
1259 801 1376 860 negare

150 881 355 958 Thucydidem
382 900 531 958 quoquam
556 879 589 938 in
618 879 825 955 antiquissima
847 878 969 941 Siciliae
997 882 1124 941 historia
1152 883 1375 943 conscribenda

150 983 357 1043 assensum*
751 974 755 982 ’

233 1087 268 1165 β)
290 1085 421 1144 Verbum
437 1069 593 1168 ’φαίνεται
607 1082 812 1161 Thucydidem
826 1103 987 1162 usurpasse
1002 1087 1189 1145 Woelfflinus
1206 1086 1375 1158 contendit,

149 1207 208 1264 quo
231 1188 359 1263 scriptos
380 1186 478 1243 fontes
492 1186 649 1257 indicaret,
672 1185 788 1244 scilicet
805 1195 934 1264 excepto
948 1186 1091 1246 Homero.
1129 1185 1376 1246 Consentaneum

149 1297 197 1348 est
216 1290 339 1347 verbum
360 1289 545 1368 φαίνεσθαι
566 1288 625 1346 hac
649 1290 767 1346 ratione
795 1287 925 1364 positum
954 1306 1021 1348 esse
1048 1309 1104 1365 pro
1133 1289 1256 1366 passivo
1287 1288 1376 1349 verbi

150 1386 360 1470 ἀποφαίνειν,
403 1392 449 1448 Ac
478 1388 618 1465 perlectis
640 1388 760 1464 quidem
781 1388 918 1448 omuibus
940 1389 1034 1463 locis,
1064 1390 1170 1466 quibus
1199 1389 1375 1466 adjungitur

148 1493 300 1569 φαίνεται
322 1497 351 1548 et
372 1492 556 1571 φαίνονται,
577 1505 753 1562 persuasum
774 1487 847 1546 mihi
869 1497 915 1548 est
935 1491 1014 1550 hanc
1029 1490 1193 1550 Woelfflini
1215 1491 1252 1548 de
1273 1492 1371 1550 verbo

148 1589 201 1650 illo
224 1592 395 1667 opinionem
417 1589 532 1647 admitti
552 1606 661 1664 posse,
688 1588 743 1648 sed
771 1609 832 1648 non
862 1598 989 1668 excepto
1018 1589 1167 1664 Homero,
1197 1590 1307 1669 quippe
1329 1592 1374 1650 ad

148 1711 236 1767 quem
256 1693 404 1749 interdurn
424 1690 578 1762 referatur,
600 1697 633 1748 ut
654 1691 678 1763 I,
703 1691 733 1762 9,
756 1691 773 1748 3
798 1698 828 1749 et
851 1693 900 1764 10,
923 1694 952 1750 4.

233 1790 334 1866 Quare
356 1810 423 1850 cum
445 1791 609 1850 certissime
623 1811 682 1850 non
698 1792 936 1869 perspiciendum
951 1794 1000 1865 sit,
1017 1795 1123 1872 quibus
1139 1793 1371 1854 condicionibus

146 1892 339 1970 Thucydides
361 1892 552 1968 usurpaverit
573 1891 697 1948 verbum
716 1889 872 1974 iayaodm
893 1903 923 1953 et
945 1895 1051 1972 quibus
1067 1897 1261 1977 φαίνεσθαι,
1284 1896 1373 1953 nullo

147 1993 447 2053 modoW0elffl1nus
470 1991 612 2068 colligere
637 2010 730 2068 posse
758 1994 832 2052 mihi
852 1993 969 2053 ridetur
997 1997 1090 2054 verbo
1120 1998 1293 2077 φαίνονται
1315 1995 1375 2068 VI,

147 2095 177 2167 2,
202 2095 367 2152 21αᾱίοαιὶ
390 2095 518 2171 scriptos
540 2094 648 2179 fontes.

189 2247 233 2308 A.
257 2244 461 2332 Thucydides
484 2245 523 2308 ab
544 2242 709 2309 Antiocho
731 2246 872 2332 pendere
895 2246 1009 2311 dicitur
1028 2245 1063 2311 in
1083 2246 1165 2311 libro
1187 2246 1252 2329 vl,
1274 2245 1376 2314 2'-5.

231 2363 264 2448 a)
287 2360 381 2440 Quae
404 2383 424 2424 a
445 2358 648 2444 Thucydidis
672 2379 818 2424 sermone
840 2359 1032 2427 abhorreant
1054 2363 1285 2426 examinantur.
1330 2405 1332 2408 >

231 2465 420 2524 Woelfflinus
443 2483 509 2523 cum
531 2464 599 2522 illas
622 2464 659 2521 de
680 2463 780 2524 verbis
801 2461 956 2544 &baudra
971 2473 1001 2522 et
1019 2464 1203 2546 φαῐνεσθαι
1219 2467 1376 2540 quaestio·

147 2586 202 2628 nes
224 2586 286 2626 non
307 2565 408 2644 magni
435 2564 578 2623 momenti
607 2581 673 2623 esse
700 2563 766 2640 ipse
793 2564 957 2636 concedat,
988 2564 1098 2641 quippe
1128 2565 1234 2640 quibus
1265 2566 1373 2645 colligi

147 2687 209 2726 uon
230 2667 337 2744 possit,
360 2685 435 2743 quos
457 2666 576 2723 tandem
598 2664 760 2740 scriptores
783 2664 975 2742 Thucydides
997 2673 1116 2725 secutus
1138 2666 1193 2736 sit,
1224 2668 1374 2727 nonnulla

146 2767 241 2840 affert,
259 2786 335 2843 qnae
354 2766 539 2826 ascribendi
555 2768 617 2840 ejus
629 2765 746 2824 ratione
758 2767 918 2825 abhorrere
934 2767 1023 2826 dicat
1047 2766 1131 2842 Quae
1147 2768 1265 2844 quidem
1282 2778 1371 2826 sunt:

298 2871 327 2931 1.
359 2869 415 2927 Th.
437 2867 490 2939 VI,
514 2867 544 2939 2,
569 2870 584 2926 1
609 2863 827 2938 παλαιότατος
847 2888 903 2945 pro
926 2867 1133 2940 παλαίτατος.

228 2969 400 3047 Kruegerus
424 2969 507 3041 adl,
531 2970 561 3040 4,
586 2970 601 3026 1
627 2967 709 3039 dicit,
730 2968 764 3028 in
784 2969 862 3027 libro
884 2969 909 3040 I,
934 2971 984 3042 18,
1008 2970 1026 3028 2
1050 2970 1151 3028 omnia
1168 2971 1240 3028 Mss.
1262 2971 1373 3030 afferre

145 3069 376 3133 παλαιοτάτου.
418 3071 485 3132 Nec
507 3071 604 3131 minus
624 3070 650 3143 I,
674 3073 709 3143 1,
733 3070 751 3128 2
774 3069 905 3148 positum
934 3077 980 3130 est
1009 3069 1220 3151 παλαιότερα.
1265 3071 1373 3144 Quare

145 3172 220 3231 nihil
240 3173 331 3231 alieni
352 3174 442 3231 habet
462 3172 536 3230 illud
557 3169 786 3245 παλαιότατος.

211 3347 213 3352 Ι
298 3273 325 3331 2.
348 3275 404 3334 Th.
427 3273 479 3344 VI,
504 3273 533 3343 2,
558 3276 572 3330 1
599 3267 685 3345 ὅστις
705 3294 761 3350 pro
785 3267 830 3345 ὅς.

229 3375 288 3434 Ηὶο
317 3374 502 3450 pronominis
531 3372 648 3431 relativi
676 3393 747 3434 usus
776 3381 809 3432 ut
837 3375 929 3434 multo
960 3375 1102 3435 abhorret
1130 3396 1149 3433 a
1176 3369 1370 3453 Thucydidis

148 3475 297 3536 scribendi
327 3476 462 3546 ratione,
498 3475 541 3532 ita
570 3474 745 3551 saepissime
772 3475 921 3533 invenitur
950 3476 1030 3550 apud
1057 3475 1243 3534 Herodotum
1270 3477 1372 3536 ionice

148 3579 334 3636 scribentem.
385 3575 485 3651 Quare
514 3577 685 3651 ponendum
714 3583 760 3633 est
788 3575 876 3633 Iones
906 3582 936 3633 et
958 3569 1044 3646 ὅστις
1069 3596 1124 3653 pro
1148 3570 1183 3648 ὅς
1205 3586 1233 3635 et
1255 3572 1291 3648 ὅς
1311 3598 1369 3655 pro

148 3672 235 3748 ὅστις
257 3695 427 3754 usurpasse.
474 3675 587 3736 Contra
608 3676 809 3753 Thucydides,
836 3677 1002 3736 Atticorum
1025 3678 1169 3756 scriptor,
1191 3678 1371 3755 pronomine

146 3780 198 3838 illo
222 3774 308 3851 ὅστις
336 3798 391 3856 pro
414 3772 450 3849 ὅς
474 3798 535 3837 nou
564 3778 624 3836 uisi
652 3779 711 3836 hoc
738 3778 808 3836 loco
838 3778 937 3836 utitur.
986 3780 1106 3838 Etenim
1135 3780 1190 3839 etsi
1218 3782 1370 3839 contraria

147 3881 256 3938 virtute
278 3875 313 3952 ὃς
334 3900 389 3958 pro
413 3873 499 3951 ὅστις
521 3879 602 3956 apud
622 3880 828 3956 Thucydidem
848 3880 968 3957 ponitur
988 3880 1013 3953 I,
1039 3881 1109 3952 136,
1134 3883 1169 3953 33
1194 3882 1232 3952 V,
1256 3885 1307 3955 41,
1332 3887 1348 3941 1
1360 3905 1370 3954 ;

147 3982 185 4051 V,
210 3984 282 4054 111,
307 3984 341 4053 13
364 3980 446 4052 VIII,
469 3981 520 4051 46,
544 3981 561 4038 2
580 3989 610 4039 et
624 3981 707 4051 VIII,
722 3982 774 4054 50,
794 3983 824 4053 5,
839 4000 986 4058 nusquam
1002 3989 1100 4041 tamen
1119 3976 1205 4054 ὅστις
1218 3984 1369 4043 invenitur

147 4104 204 4162 pro
226 4077 271 4155 ὃς,
294 4091 421 4160 excepto
444 4083 522 4141 libro
544 4083 569 4154 Ι,
594 4083 664 4154 137,
688 4083 725 4154 2,
748 4102 806 4162 quo
830 4090 930 4140 tamen
951 4082 1019 4142 loco
1042 4083 1084 4141 ita
1106 4103 1271 4160 pronomen
1293 4085 1370 4145 illud

149 4192 322 4263 usurpatum
346 4193 401 4256 est,
424 4193 457 4244 ut
477 4185 742 4261 interrogationem
762 4185 892 4243 inchoet
928 4183 1007 4243 Nam
1029 4184 1085 4243 etsi
1106 4185 1137 4243 in
1158 4185 1370 4265 interrogatio-

147 4288 234 4346 nibus
257 4286 440 4349 affirmativis
461 4285 638 4363 pronomine
658 4280 693 4357 ὅς
715 4287 877 4364 scriptores
892 4285 984 4345 Attici
1003 4306 1059 4362 pro
1083 4280 1169 4359 ὅστις
1190 4287 1231 4345 uti
1254 4287 1364 4362 solent,

182 4437 198 4470 *
215 4435 318 4492 Videas
336 4432 419 4490 etiam
436 4447 477 4502 ea,
495 4447 567 4502 quae
584 4433 640 4490 dixi
657 4433 708 4490 IIL
725 4433 759 4494 Β.
777 4431 805 4495 b,
824 4434 849 4492 1.
