3038 5056
643 247 849 305 ...12-

146 436 214 495 illas
235 435 375 506 venisset,
396 441 447 492 aut
468 435 637 508 conjectura
655 453 709 494 sua
730 444 781 493 aut
803 453 841 492 ex
862 433 969 496 incolis
991 438 1161 515 quaerendo
1178 438 1211 498 in
1234 437 1359 518 opinio·

146 559 216 599 nem
236 537 336 596 induci
356 536 451 612 potuit
472 555 511 594 ex
531 536 597 613 ipso
619 537 700 596 urbis
721 537 846 596 Zavcles
876 537 932 595 situ
961 558 1068 598 nomeu
1090 541 1118 600 ei
1140 559 1207 602 esse
1232 542 1360 602 datum?

148 641 213 701 Nec
235 640 332 698 miuus
355 636 454 696 omnia
475 655 528 709 ea,
551 656 626 715 quae
648 639 685 696 de
705 639 807 711 Naxo,
834 637 1006 716 Syracusis,
1037 641 1115 703 Gela
1135 645 1214 721 apud
1235 645 1360 724 Thucy·

149 745 248 805 didem
268 740 409 818 legimus,
440 740 593 817 exipsius
623 739 844 817 quaestionibus
864 751 988 818 possunt
1016 763 1082 804 esec
1110 746 1225 805 hausta
1273 746 1360 805 Nam

148 852 213 904 utut
233 861 281 901 res
308 861 341 902 se
365 841 469 913 habet,
503 840 575 898 mihi
602 841 719 917 quidem
749 850 865 901 constat
892 843 1094 921 Thucydidem
1125 863 1177 918 ea,
1210 865 1288 922 quae
1318 848 1360 904 de

149 946 297 1025 Apollinis
319 963 372 1003 ara
391 943 474 1002 Naxi
496 942 615 1001 condita
636 943 722 1002 nobis
742 943 880 1016 tradidit,
909 966 970 1004 nou
992 946 1167 1024 scripturum
1189 948 1316 1020 fuisse,
1331 948 1359 1006 si

150 1051 215 1127 ipse
235 1064 330 1124 neque
352 1045 454 1102 urbem
474 1044 556 1103 illam
576 1063 672 1122 neque
687 1065 769 1103 aram
783 1046 914 1106 vidisset
950 1049 1063 1110 Rursus
1078 1057 1175 1108 autem
1189 1069 1250 1109 non
1264 1069 1359 1127 nego,

150 1173 210 1213 non
232 1168 298 1210 esse
320 1147 458 1206 credibile
479 1148 510 1205 in
532 1146 636 1209 Sicilia
656 1146 788 1208 versanti
809 1150 837 1207 ei
860 1151 997 1210 Antiochi
1017 1151 1111 1210 libros
1132 1152 1265 1229 potuisse
1287 1170 1358 1211 esse

151 1253 300 1323 occultos3
322 1250 430 1328 quippe
452 1269 518 1309 cum
539 1270 614 1310 unus
636 1252 746 1310 alterve
762 1249 1015 1328 Syracusanorum
1035 1254 1072 1311 de
1086 1253 1218 1331 qualibet
1231 1253 1358 1314 Siciliae

149 1357 399 1432 reinterrogatus
420 1352 507 1411 facile
529 1353 556 1410 ei
579 1353 798 1411 commendaret
819 1353 896 1413 illius
918 1354 1072 1414 historiam
1095 1352 1259 1416 Siculam'.

234 1460 275 1516 At
296 1456 351 1515 etsi
373 1455 481 1526 omnia,
505 1473 580 1531 quae
602 1455 639 1512 dc
653 1455 744 1514 variis
760 1453 880 1515 Siciliae
899 1456 1014 1514 urbium
1036 1457 1259 1518 condicionibus
1275 1458 1360 1534 apud

150 1559 353 1637 Thucydidem
373 1557 508 1634 legimus,
529 1556 595 1632 ipse
616 1555 773 1614 historicus
788 1556 920 1615 invenire
934 1558 1039 1633 potuit,
1057 1565 1155 1617 tamen
1170 1559 1254 1618 annis
1268 1558 1360 1636 ipsis,

151 1663 256 1740 quibus
279 1659 414 1719 conditas
436 1658 567 1737 singulas
588 1659 676 1717 urbes
699 1677 764 1717 esse
787 1659 914 1735 scripsit,
935 1659 1082 1718 indicatur
1096 1661 1134 1719 ab
1149 1661 1208 1719 alio
1227 1662 1360 1738 quodam

151 1784 218 1822 eum
238 1761 417 1839 pendere.“
458 1761 537 1820 Nam
559 1781 624 1819 cum
647 1761 726 1820 omni
749 1770 778 1818 et
806 1761 951 1839 originum
972 1771 1002 1821 et
1030 1762 1213 1822 coloniarum
1240 1763 1361 1821 ratione

151 1865 288 1944 neglecta
308 1863 521 1923 Leontinorum
542 1865 644 1921 urbem
666 1863 784 1940 quinto,
811 1863 982 1923 Gelensium
1004 1865 1230 1943 quadragesimo
1252 1865 1359 1942 quintu

153 1988 230 2027 anno
252 1975 321 2045 post
342 1964 506 2042 Syracusas
528 1965 710 2023 inveniamus
727 1966 871 2039 conditas,
894 1986 1066 2044 persuasum
1087 1967 1174 2026 nobis
1188 1985 1255 2026 esse
1270 1967 1363 2025 debet

151 2074 227 2130 haec
247 2089 307 2128 non
327 2067 385 2126 uisi
407 2068 444 2125 ab
460 2068 533 2144 ipsis
549 2066 744 2144 Syracusanis
760 2068 831 2144 poni
847 2069 979 2145 potuisse
1000 2076 1050 2126 aut
1070 2069 1108 2128 ab
1131 2069 1184 2142 cis,
1207 2069 1256 2147 qui
1270 2086 1362 2146 praa·

153 2179 289 2249 potentes
311 2167 475 2248 Syracusas
505 2189 571 2230 esse
592 2170 709 2229 silentio
739 2172 945 2247 approbarent
993 2170 1092 2247 Quid?
1121 2172 1230 2231 Nonne
1253 2188 1364 2229 revera

154 2272 334 2352 Syracusani
355 2273 446 2331 totius
465 2272 581 2332 insulae
602 2280 687 2329 erant
706 2273 831 2342 domiui,
864 2292 986 2350 quorum
1015 2272 1133 2352 quidem
1154 2272 1266 2332 vinbus
1288 2273 1364 2349 quid

154 2376 231 2435 effici
252 2383 355 2451 posset
374 2374 570 2433 Athenienses
593 2390 714 2450 cumque
737 2374 780 2432 eis
794 2375 982 2451 Thucydides
1000 2384 1069 2435 ante
1087 2394 1189 2436 omnes
1202 2374 1364 2433 intellexe-

154 2476 241 2536 rant?
275 2475 374 2550 Quare
396 2475 483 2533 facile
504 2475 570 2552 quis
592 2477 672 2534 dicat
692 2477 766 2535 nihil
788 2495 820 2535 se
841 2478 952 2550 mirari,
975 2481 1055 2556 quod
1075 2479 1113 2538 ab
1135 2498 1171 2537 eo
1187 2498 1276 2549 anno,
1299 2497 1364 2554 quo

155 2578 359 2658 potentissima
379 2577 432 2636 illa
453 2575 574 2637 Siciliae
594 2580 665 2638 urbs
686 2579 724 2637 sit
745 2580 879 2650 condita,
902 2599 1004 2639 omnes
1026 2581 1103 2640 aliae
1122 2580 1212 2659 quasi¹
1224 2580 1365 2639 coloniae

156 2683 347 2742 deducantur.
390 2683 432 2739 At
452 2681 501 2757 qui
530 2680 603 2739 illud
624 2681 688 2739 fieri
716 2681 833 2757 potuit?
863 2682 1059 2760 Nequaquam
1086 2683 1164 2742 enim
1193 2683 1365 2761 quaerimus

155 2783 239 2841 illum
258 2783 354 2860 ipsum
376 2801 494 2853 annum,
517 2802 575 2860 quo
591 2780 757 2860 Syracusae
779 2783 838 2842 siut
860 2785 1006 2843 conditae.
1043 2785 1132 2862 Quod
1152 2793 1250 2844 tamen
1264 2785 1365 2861 ipsum

155 2889 235 2947 bono
257 2885 332 2944 verti
360 2892 458 2962 potest
479 2884 653 2962 Thucydidi.
696 2885 812 2944 Etenim
840 2906 910 2944 num
938 2906 996 2963 qua
1024 2887 1139 2947 ratione
1167 2887 1366 2946 inveniendus

155 2998 221 3049 erat
238 2989 289 3047 ille
312 3007 406 3047 annus
427 2988 562 3047 fabulose
583 2987 682 3046 fixus?
712 2987 824 3046 Nescio
845 2988 944 3065 igitur,
973 2989 1120 3065 quomodo
1142 3007 1201 3046 uon
1223 2989 1366 3046 contendi

155 3091 254 3168 possit
274 3090 486 3168 Thucydidem,
510 3089 609 3150 omnia
629 3089 766 3149 fabulosa
786 3088 983 3164 rejicientem,
1005 3090 1087 3149 illum
1108 3109 1224 3168 quoque
1253 3108 1365 3149 annum

156 3191 309 3250 voluntate
330 3193 528 3269 praeteriisse.

241 3293 302 3356 Sed
328 3296 453 3374 agedum
481 3296 650 3368 videamus,
680 3294 784 3373 quibus
813 3296 994 3372 temporibus
1021 3296 1154 3356 colonias
1177 3293 1310 3354 Graecas
1332 3295 1367 3355 iu

157 3394 290 3468 Siciliam
318 3397 421 3456 ductas
443 3415 509 3456 esse
529 3396 717 3474 Thucydides
743 3406 834 3474 putet.
883 3397 964 3456 Dicit
998 3398 1076 3456 enim
1101 3399 1132 3457 in
1158 3397 1234 3455 libro
1261 3397 1293 3468 1,
1325 3399 1367 3456 12

161 3507 285 3560 cunctas
318 3500 451 3560 colonias
474 3497 607 3558 Graecas
637 3509 667 3559 et
690 3501 796 3559 ltaliae
823 3508 853 3558 et
873 3498 994 3561 Siciliae
1020 3520 1080 3558 non
1108 3500 1165 3558 uisi
1192 3498 1272 3558 bello
1293 3499 1371 3558 Tro-

79 3632 82 3640 ,
155 3605 231 3678 jano
254 3601 338 3660 finito
361 3620 427 3662 esse
450 3602 602 3674 conditas3
625 3610 655 3659 et
674 3620 764 3678 porro
785 3602 816 3659 in
837 3602 912 3660 libro
928 3600 981 3673 VI,
1002 3601 1032 3674 T,
1055 3604 1074 3661 5
1093 3599 1210 3663 Siculos
1228 3603 1371 3661 trecentis

159 3705 244 3765 annis
273 3702 355 3782 prius
377 3704 408 3762 in
430 3701 534 3766 Sicilia
562 3704 653 3763 fuisse
681 3722 769 3780 quam
798 3700 940 3769 Graecos.
991 3704 1107 3781 Ecquid
1136 3704 1262 3780 amplius
1290 3704 1370 3762 scire

158 3808 287 3885 potuerit
313 3809 350 3866 da
379 3807 583 3886 antiquissimo
611 3807 664 3866 illo
686 3803 807 3868 Siciliae
834 3814 929 3880 statu,
961 3826 1021 3866 non
1051 3805 1144 3864 ausim
1172 3805 1371 3877 contendere3

160 3908 217 3968 nisi
237 3911 312 3970 forte
334 3908 443 3982 omnia,
466 3928 542 3986 quae
562 3908 726 3986 mythologi
748 3917 951 3982 narraverant,
973 3926 1028 3985 pro
1047 3924 1118 3964 vero
1136 3907 1246 3965 habere
1263 3905 1368 3965 voluit.

162 4007 274 4068 Contra
294 4010 383 4069 facile
404 4017 468 4068 erat
488 4011 637 4088 exquisitu
657 4010 782 4086 primum
803 4009 942 4081 Naxum,
973 4006 1080 4066 deinde
1103 4006 1284 4086 Syracusas,
1307 4016 1369 4066 tum

160 4109 325 4170 Leontinos
348 4119 520 4190 ceterasque
541 4111 680 4187 deinceps
701 4110 789 4168 urbes
813 4108 946 4169 Graecas
969 4125 1035 4168 esse
1058 4109 1201 4180 conditas,
1224 4126 1371 4186 quamque

160 4213 251 4291 longo
285 4231 427 4272 annorum
457 4214 553 4291 spatio
584 4213 718 4291 singulae
744 4211 821 4270 inter
850 4231 883 4271 se
912 4211 1065 4271 distarent.
1101 4211 1185 4287 Quae
1212 4209 1311 4269 omnia
1337 4211 1371 4270 in

228 4364 254 4430 ⁸)
271 4361 314 4418 De
331 4361 383 4418 hac
399 4377 429 4416 rc
445 4364 524 4433 plura
541 4363 661 4419 dicemus
678 4361 730 4428 111,
748 4359 780 4426 B,
798 4359 825 4428 b,
842 4360 868 4416 4.

212 4432 252 4500 aa)
271 4431 310 4492 ΟΥ.
329 4429 379 4488 Th.
391 4430 440 4500 Vl,
457 4433 473 4487 3
492 4439 520 4487 et
536 4431 684 4490 Woelfflin
702 4433 812 4501 quaest.
828 4444 860 4500 p,
871 4429 935 4519 bct
950 4429 976 4490 ⁷.
1052 4488 1055 4493 ,
