3038 5056
565 1281 876 1394 vita.

232 1626 401 1688 Fridericus
417 1623 488 1685 Otto
503 1623 619 1686 Boehm
641 1635 710 1687 arte
731 1626 808 1687 diem
830 1626 912 1686 XVI.
934 1625 1074 1687 calendas
1088 1627 1266 1688 Februarias
1287 1627 1358 1688 anui

150 1715 230 1774 1847
252 1714 283 1771 in
304 1713 371 1771 vico
394 1713 523 1788 quodam
545 1709 708 1785 saxoniae,
731 1714 780 1791 qui
802 1712 909 1772 dicitur
923 1710 1180 1792 Nieder-Guhrig,
1201 1733 1297 1792 prope
1318 1716 1357 1774 ab

146 1800 219 1859 urbe
240 1797 374 1857 Bautzeu
395 1805 481 1875 patre
501 1797 677 1870 hortulano,
699 1807 794 1858 matre
816 1817 833 1857 e
853 1807 941 1877 gente
963 1795 1139 1858 Schirmeuu
1160 1809 1246 1858 natus
1267 1801 1357 1859 fidem

146 1885 289 1962 profiteor
311 1883 523 1961 evangelicam.
565 1881 674 1942 Primis
694 1883 858 1942 litterarum
879 1883 1031 1942 elementis
1046 1882 1077 1941 in
1095 1884 1221 1962 paganis
1236 1885 1356 1960 quibus·

146 1970 214 2028 darn
233 1968 312 2029 ludis
333 1967 460 2027 imbutus
481 1984 555 2044 puer
576 1966 716 2026 tredecim
738 1987 882 2027 annerum
902 1968 933 2025 in
947 1967 1133 2046 gymnasium
1148 1967 1356 2029 Octtbusiuum

145 2054 298 2132 emigravi.
333 2054 457 2112 Ineunte
472 2071 550 2111 annu
565 2053 651 2126 hujus
673 2053 785 2113 sacculi
800 2053 902 2112 LXIX
923 2053 1101 2113 maturitatis
1116 2054 1287 2114 testimonio
1310 2055 1356 2113 iu·

147 2146 274 2199 structus
296 2139 392 2197 almae
413 2137 613 2198 universitatis
627 2138 831 2199 Beroliueusis
853 2138 966 2198 civibus
986 2138 1152 2216 adscriptus
1168 2147 1197 2198 et
1210 2139 1242 2199 iu
1255 2140 1357 2199 album

146 2219 391 2302 philosophorum
412 2223 523 2284 relatus
539 2242 612 2284 sum.
648 2224 778 2283 Tertium
794 2232 935 2284 semestre
951 2232 1057 2303 egente
1071 2242 1121 2284 me
1135 2225 1244 2285 bellum
1263 2225 1357 2285 oritur

148 2328 213 2368 cum
235 2308 451 2386 Francogallis.
501 2308 601 2385 Quare
628 2309 825 2368 voluntariam
852 2309 986 2368 militiam
1014 2317 1132 2370 secutus
1161 2330 1228 2370 cum
1255 2311 1357 2370 salvus

146 2394 301 2453 rediissem
335 2394 431 2452 denuo
463 2393 595 2472 linguam
625 2393 766 2465 latinam,
800 2412 955 2474 graecam,
988 2395 1188 2473 germanicam
1220 2394 1356 2454 tractavi.

148 2477 262 2554 Quibus
285 2477 403 2555 quidem
424 2478 529 2538 studiis
551 2486 711 2555 occupatus
733 2479 859 2539 triennio
882 2478 1054 2539 academico
1069 2480 1205 2540 absoluto
1220 2479 1356 2540 semestri

148 2563 262 2623 aestivo
293 2562 365 2621 anui
391 2563 470 2623 1872
500 2563 659 2640 praeterito
681 2562 822 2623 Beroliuo
849 2563 994 2623 decedere
1021 2584 1185 2644 munusque
1213 2583 1357 2643 praecep·

148 2649 221 2708 toris
243 2648 397 2708 domestici
419 2649 479 2707 ruri
500 2648 651 2726 suscipere
673 2657 794 2709 coactus
815 2668 888 2709 sum.
936 2648 1080 2710 Proximo
1109 2669 1188 2711 anuo
1217 2646 1357 2722 examine

147 2754 204 2811 pro
226 2733 366 2792 facultate
387 2733 514 2794 docendi
536 2729 668 2793 Berulini
688 2735 830 2812 probatus
851 2754 905 2813 per
933 2744 1074 2795 semestre
1097 2736 1251 2796 hibernum
1273 2755 1357 2814 gym-

146 2819 233 2878 nasio
253 2818 450 2879 Luccariensi
472 2818 646 2879 candidatus
673 2820 844 2898 probandus
872 2820 989 2881 additus
1010 2841 1090 2883 nuuc
1109 2841 1214 2914 verser
1232 2821 1356 2882 scholae

147 2904 238 2964 realis
261 2902 476 2967 Grabovieusis
498 2903 649 2985 magister.
