3038 5056
638 287 848 345 -19-.-

128 479 334 562 'quaestiones
356 477 431 536 nihil
459 475 617 551 adurant,
645 475 724 553 quod
751 474 917 548 nescimus,
946 491 1016 533 num
1043 471 1212 536 Hecataeus
1241 475 1356 537 aliusve

144 583 275 662 priorum
296 577 385 639 Aeoli
405 577 474 638 illas
495 576 609 638 insulas
631 576 832 654 descripserit,
855 574 977 655 etquid
999 575 1159 654 scripserit
1198 575 1278 639 Nam
1300 580 1356 639 etsi

95 706 98 714 ·
144 686 192 747 vel
212 685 280 764 ipso
293 681 444 742 Antiocho
458 679 637 740 Pausaniam
651 698 735 740 usum
751 697 818 739 esse
832 675 975 739 Goellero
991 697 1116 756 cumque
1130 697 1167 739 eo
1184 678 1356 741 Woelfflino

143 789 341 857 crederemus,
362 783 463 861 utique
484 791 583 842 tamen
604 789 803 860 quaereretur,
825 788 970 861 quatenus
990 780 1159 841 Antiochea
1186 781 1238 842 ille
1266 784 1356 847 tradi-

147 890 248 951 disset
292 886 405 948 Contra
426 885 452 945 si
473 893 503 944 et
519 884 709 962 Tmoydides
725 891 762 943 'et
774 883 940 944 Pausanias
961 883 1000 942 ab
1019 883 1161 943 Antiochi
1182 884 1358 946 auctoritate

118 965 121 982 ι
147 992 308 1070 penderet,
339 1008 405 1049 cum
426 996 490 1048 tota
511 986 672 1064 utriusque
690 985 822 1046 narratio
849 994 911 1044 tum
939 985 1074 1065 singulae
1101 993 1203 1063 partes
1228 985 1359 1048 interae

147 1100 353 1173 congmerent.
397 1087 474 1153 Sunt
494 1098 592 1149 autem
614 1088 832 1167 discrepantiae
854 1088 1009 1166 quaedam.
1051 1087 1185 1148 Etenim:

230 1213 265 1291 a)
286 1209 476 1288 Thucydides
497 1209 571 1268 nihil
592 1209 664 1269 dicit
686 1209 724 1268 de
744 1205 921 1268 Cnidiorum
943 1206 1080 1266 coloniae
1102 1209 1256 1270 conditore
1278 1209 1356 1274 Pen-

147 1316 250 1376 tathlo.

229 1419 265 1498 β)
286 1417 376 1495 Apud
397 1416 521 1476 eundem
549 1433 693 1492 nusquam
720 1413 840 1473 invenio
862 1411 987 1474 Cnidios
1008 1431 1026 1473 e
1045 1413 1192 1493 Lilybaeo
1217 1400 1359 1493 promon-

148 1520 225 1581 torio
247 1519 320 1578 urbe
341 1519 468 1609 quadam
497 1517 618 1578 condita
638 1517 677 1576 ab
698 1514 813 1594 Elymis
836 1513 1189 1595 Carthaginiensibusque
1217 1518 1359 1596 depulsos

146 1622 291 1700 Liparum
312 1638 484 1699 occupasse.
527 1619 614 1696 Quae
634 1619 753 1698 quidem
768 1618 869 1680 omnia
891 1637 957 1677 cum
973 1617 1125 1679 Pausania
1138 1617 1291 1680 Diodorus
1305 1620 1358 1694 VI,

148 1725 167 1782 9
191 1723 321 1796 tradidit,
343 1722 495 1783 Timaeum
508 1723 532 1799 ¹)
554 1723 681 1782 fortasse
703 1728 831 1781 secutus.

231 1828 263 1909 y)
284 1826 472 1904 Thucydides
493 1826 621 1886 insulam
641 1825 724 1884 illam
738 1844 798 1884 non
814 1823 946 1902 appellat
959 1821 1116 1905 Διδύμας,
1135 1824 1189 1884 sed
1201 1759 1359 1910 Διδύμην

230 1927 264 2007 δ)
288 1928 402 1989 Contra
422 1928 588 1988 Pausanias
611 1947 735 2006 cumque
756 1947 811 2000 eo,
842 1928 950 2000 eredo,
977 1927 1143 1987 Antiochus
1169 1928 1360 2005 praeteriisse
1425 1983 1428 1989 .

148 2034 276 2105 videtur,
298 2031 379 2108 quod
398 2030 517 2091 incolae
537 2030 673 2091 Vulcano
694 2029 806 2090 Hieras
828 2048 895 2090 esse
916 2029 1067 2090 officinam
1087 2031 1266 2105 narrabant,
1292 2051 1360 2092 cum

148 2135 295 2197 interdum
315 2133 425 2192 fumum
447 2133 583 2192 viderent
603 2151 642 2200 ex
662 2134 750 2192 humo
772 2132 917 2192 orientem
944 2139 1092 2210 noctuque
1119 2132 1227 2210 ignem.
1270 2133 1361 2210 Quod

150 2237 267 2318 quidem
287 2235 453 2295 Pausanias
474 2235 557 2294 nullo
583 2234 673 2295 modo
702 2233 807 2294 afferre
836 2233 1002 2308 omisisset,
1031 2233 1058 2295 si
1079 2235 1159 2314 apud
1178 2235 1360 2296 Antiochum

149 2339 319 2399 invenisset

236 2458 351 2518 Rursus
372 2464 471 2516 autem
484 2455 674 2536 Thucydides
695 2475 752 2517 nec
773 2457 811 2516 de
831 2457 902 2536 igne
915 2455 968 2516 illo
985 2454 1102 2516 insulae
1115 2453 1291 2537 Strongyles
1304 2475 1362 2518 nec

151 2562 189 2620 de
209 2560 320 2620 Hieras
343 2559 448 2620 calidis
469 2560 555 2637 aquis
578 2559 737 2638 quidquam
751 2559 881 2620 tradidit.
915 2560 958 2618 At
970 2559 1084 2632 nescio,
1105 2559 1172 2637 quis
1186 2579 1245 2620 non
1260 2560 1362 2620 videat

149 2672 242 2722 totum
256 2663 338 2722 illurn
352 2663 461 2734 locurn,
477 2681 564 2739 quem
578 2662 764 2722 Woelfflinus
777 2681 807 2739 p.
821 2663 858 2722 13
874 2661 984 2721 frustra
997 2662 1163 2740 fragmento
1179 2660 1214 2722 C.
1225 2662 1361 2723 Muelleri

150 2766 295 2842 adjunxit,
318 2784 358 2824 ex
379 2785 415 2824 eo
436 2766 573 2825 haustum
594 2783 672 2838 esse,
694 2765 775 2842 quod
788 2763 954 2824 Pausanias
967 2763 1034 2843 ipse
1048 2771 1078 2823 et
1091 2764 1208 2824 viderat
1226 2771 1256 2823 et
1277 2765 1360 2825 audi·

150 2877 243 2929 verat
285 2864 686 2952 Ηιιιιο(1ἰοοι’1ι’νδὸνῄι
708 2863 886 2951 Στρογγύλῃ
906 2897 949 2914 ·-
969 2865 1195 2949 ὄμβαννεσθαι.

235 2970 321 3047 Quae
336 2990 439 3032 omnes
455 2979 485 3030 et
498 2991 595 3030 rerum
610 2979 640 3030 et
654 2971 799 3031 sermonis
814 2969 1043 3049 discrepantiae,
1058 2969 1114 3029 etsi
1128 2968 1211 3030 leves
1224 2968 1361 3030 videntur

151 3093 228 3146 esse,
250 3083 348 3133 tamen
369 3074 539 3135 testimonio
560 3075 632 3134 mihi
654 3082 722 3134 sunt
742 3081 793 3132 aut
812 3072 1016 3151 Thncydidem
1037 3079 1088 3131 aut
1107 3068 1288 3133 Pausaniam
1310 3081 1361 3132 aut

150 3184 304 3254 utrumque
326 3176 363 3235 ab
385 3177 534 3237 Antiocho
557 3197 616 3237 non
637 3194 728 3255 posse
755 3175 894 3255 pendere.
938 3172 1000 3238 Sed
1028 3193 1086 3254 age
1114 3175 1241 3254 amplius
1270 3193 1360 3254 quae·

150 3297 260 3338 ramus.
1430 3352 1432 3355 v

233 3381 317 3442 Dicit
337 3384 415 3442 enim
436 3382 622 3444 Woelfflinus
643 3403 673 3462 p.
689 3385 728 3444 14
750 3381 900 3471 Scymno,
924 3381 1080 3455 Diodoro,
1106 3380 1206 3443 Plinio
1235 3382 1361 3460 aliisque

151 3486 336 3545 auctoribus:
357 3485 483 3573 Augusti
505 3486 677 3565 aequalibus
699 3495 811 3565 septem
832 3487 921 3548 Aeoli
941 3487 1055 3547 insulas
1085 3485 1222 3564 cognitas
1250 3485 1360 3559 fuisse;

152 3607 226 3666 quas
247 3588 365 3666 quidem
387 3587 535 3650 Strabone
562 3597 684 3651 auctore
710 3585 876 3665 Αἰολίδας,
902 3585 1137 3674 ‘Homeritas
1164 3589 1361 3671 Λιπαραίων

151 3691 269 3777 νήσους
290 3708 356 3750 esse
378 3691 552 3769 appellatas.
592 3691 654 3754 Sed
674 3693 745 3753 licet
764 3693 818 3754 illa
839 3701 936 3753 aetate
949 3693 1038 3754 Aeoli
1058 3692 1173 3753 insulae
1195 3691 1281 3751 aliter
1302 3691 1362 3752 siut

153 3792 335 3870 appellatae:
358 3789 430 3871 quid
451 3795 570 3854 tandem
591 3797 712 3857 obstare
731 3797 838 3874 potuit,
861 3797 1017 3876 quominus
1030 3795 1198 3856 Pausanias
1211 3793 1361 3854 veteribus

151 3893 211 3954 illis
231 3894 337 3955 insulis
357 3905 442 3955 vetus
463 3896 629 3974 imponeret
649 3898 778 3958 nomen?
809 3898 988 3958 Praesertim
1009 3917 1075 3959 eum
1104 3897 1197 3956 tribus
1224 3895 1285 3956 illis
1306 3917 1361 3958 no·

150 3996 278 4057 minibus
296 3998 358 4072 jam
386 3999 531 4058 indicetur
553 3999 604 4059 alii
626 3999 707 4060 aliud
727 4000 818 4062 fuisse
847 4000 1007 4080 cognitum.
1058 3998 1157 4075 Quare
1185 4017 1360 4076 persuasum

153 4098 224 4158 mihi
246 4107 292 4159 est
312 4119 373 4159 non
395 4102 518 4180 aggredi
540 4122 715 4182 quemquam
730 4122 821 4182 posse
834 4103 1004 4163 Pausaniae
1018 4101 1087 4161 illas
1100 4094 1218 4163 Aiolou
1231 4101 1359 4188 νήσους.

154 4200 216 4262 Sed
237 4202 274 4261 de
296 4212 434 4281 quattuor
455 4207 518 4280 ejus
539 4207 702 4267 insularum
723 4226 844 4266 numero
860 4206 946 4264 aliter
961 4224 993 4266 se
1008 4224 1058 4264 res
1072 4204 1171 4277 habet,
1194 4205 1220 4264 si
1242 4204 1360 4280 quidem

154 4311 265 4364 certum
286 4315 331 4366 est
350 4306 404 4366 illa
425 4314 521 4368 aetate
548 4317 716 4371 numeratas
738 4329 804 4372 esse
826 4304 948 4388 septem.
989 4308 1107 4368 Etenim
1127 4308 1198 4367 licet
1222 4315 1360 4383 quattuor
1444 4380 1447 4387 Ι

151 4438 361 4558 We
378 4448 412 4557 b,
427 4493 452 4549 a.

1192 4599 1208 4652 3
