<?xml version="1.0" encoding="UTF-8"?>
<!DOCTYPE html PUBLIC "-//W3C//DTD XHTML 1.0 Transitional//EN"
    "http://www.w3.org/TR/xhtml1/DTD/xhtml1-transitional.dtd">
<html xmlns="http://www.w3.org/1999/xhtml" xml:lang="en" lang="en">
 <head>
  <title>
</title>
<meta http-equiv="Content-Type" content="text/html;charset=utf-8" />
  <meta name='ocr-system' content='tesseract 3.04.00' />
  <meta name='ocr-capabilities' content='ocr_page ocr_carea ocr_par ocr_line ocrx_word'/>
</head>
<body>
  <div class='ocr_page' id='page_1' title='image "./fontesrerumsicu00boehgoog_0011.png"; bbox 0 0 3038 5056; ppageno 0'>
   <div class='ocr_carea' id='block_1_1' title="bbox 716 247 908 308">
    <p class='ocr_par' dir='ltr' id='par_1_1' title="bbox 716 247 908 308">
     <span class='ocr_line' id='line_1_1' title="bbox 716 247 908 308; baseline 0 -15"><span class='ocrx_word' id='word_1_1' title='bbox 716 247 908 308; x_wconf 71' lang='lat'>..5..</span> 
     </span>
    </p>
   </div>
   <div class='ocr_carea' id='block_1_2' title="bbox 154 429 1457 4056">
    <p class='ocr_par' dir='ltr' id='par_1_2' title="bbox 185 429 1457 2717">
     <span class='ocr_line' id='line_1_2' title="bbox 199 429 1433 522; baseline 0.003 -32"><span class='ocrx_word' id='word_1_2' title='bbox 199 433 287 492; x_wconf 90' lang='lat' dir='ltr'><strong>nibus</strong></span> <span class='ocrx_word' id='word_1_3' title='bbox 298 430 360 492; x_wconf 87' lang='lat' dir='ltr'><strong>suis</strong></span> <span class='ocrx_word' id='word_1_4' title='bbox 374 432 444 522; x_wconf 61' lang='lat' dir='ltr'><strong>Pks</strong></span> <span class='ocrx_word' id='word_1_5' title='bbox 471 430 670 509; x_wconf 77' lang='lat' dir='ltr'><strong>„Antiochum</strong></span> <span class='ocrx_word' id='word_1_6' title='bbox 681 449 743 492; x_wconf 91' lang='lat' dir='ltr'><strong>non</strong></span> <span class='ocrx_word' id='word_1_7' title='bbox 754 429 958 515; x_wconf 72' lang='grc' dir='ltr'><em>λογογράφον</em></span> <span class='ocrx_word' id='word_1_8' title='bbox 974 433 1077 508; x_wconf 84' lang='lat' dir='ltr'><strong>luisse,</strong></span> <span class='ocrx_word' id='word_1_9' title='bbox 1092 432 1146 493; x_wconf 89' lang='lat' dir='ltr'><strong>sed</strong></span> <span class='ocrx_word' id='word_1_10' title='bbox 1162 437 1362 518; x_wconf 74' lang='grc' dir='ltr'><em>σογγραφέοι,</em></span> <span class='ocrx_word' id='word_1_11' title='bbox 1381 433 1433 495; x_wconf 85' lang='lat' dir='ltr'><strong>cui</strong></span> 
     </span>
     <span class='ocr_line' id='line_1_3' title="bbox 202 533 1434 614; baseline 0.002 -21"><span class='ocrx_word' id='word_1_12' title='bbox 202 533 393 612; x_wconf 83' lang='lat' dir='ltr'><strong>Thucydides</strong></span> <span class='ocrx_word' id='word_1_13' title='bbox 404 533 526 592; x_wconf 93' lang='lat' dir='ltr'><strong>omnino</strong></span> <span class='ocrx_word' id='word_1_14' title='bbox 541 533 691 592; x_wconf 85' lang='lat' dir='ltr'><strong>confidere</strong></span> <span class='ocrx_word' id='word_1_15' title='bbox 702 534 882 610; x_wconf 79' lang='lat' dir='ltr'><strong>potuisset“,</strong></span> <span class='ocrx_word' id='word_1_16' title='bbox 893 541 925 592; x_wconf 89' lang='lat' dir='ltr'><strong>et</strong></span> <span class='ocrx_word' id='word_1_17' title='bbox 934 533 1012 593; x_wconf 90' lang='lat' dir='ltr'><strong>infra</strong></span> <span class='ocrx_word' id='word_1_18' title='bbox 1025 535 1188 610; x_wconf 79' lang='lat' dir='ltr'><strong>„ninevitio</strong></span> <span class='ocrx_word' id='word_1_19' title='bbox 1201 555 1267 595; x_wconf 90' lang='lat' dir='ltr'><strong>eum</strong></span> <span class='ocrx_word' id='word_1_20' title='bbox 1279 537 1434 614; x_wconf 86' lang='lat' dir='ltr'><strong>aThucy·</strong></span> 
     </span>
     <span class='ocr_line' id='line_1_4' title="bbox 205 634 1457 714; baseline 0.004 -22"><span class='ocrx_word' id='word_1_21' title='bbox 205 635 274 694; x_wconf 92' lang='lat' dir='ltr'><strong>dide</strong></span> <span class='ocrx_word' id='word_1_22' title='bbox 296 655 358 695; x_wconf 90' lang='lat' dir='ltr'><strong>uon</strong></span> <span class='ocrx_word' id='word_1_23' title='bbox 378 634 471 694; x_wconf 78' lang='lat' dir='ltr'><strong>fuisse</strong></span> <span class='ocrx_word' id='word_1_24' title='bbox 492 634 795 713; x_wconf 87' lang='lat' dir='ltr'><strong>praetermittendum.</strong></span> <span class='ocrx_word' id='word_1_25' title='bbox 837 634 927 710; x_wconf 80' lang='lat' dir='ltr'><strong>Quod</strong></span> <span class='ocrx_word' id='word_1_26' title='bbox 949 646 1016 713; x_wconf 90' lang='lat' dir='ltr'><strong>quo</strong></span> <span class='ocrx_word' id='word_1_27' title='bbox 1026 639 1094 711; x_wconf 88' lang='lat' dir='ltr'><strong>jure</strong></span> <span class='ocrx_word' id='word_1_28' title='bbox 1116 636 1175 697; x_wconf 92' lang='lat' dir='ltr'><strong>dici</strong></span> <span class='ocrx_word' id='word_1_29' title='bbox 1195 636 1293 714; x_wconf 89' lang='lat' dir='ltr'><strong>possit</strong></span> <span class='ocrx_word' id='word_1_30' title='bbox 1313 639 1457 698; x_wconf 62' lang='lat' dir='ltr'><strong>nescim</strong></span> 
     </span>
     <span class='ocr_line' id='line_1_5' title="bbox 204 724 1434 818; baseline 0.004 -23"><span class='ocrx_word' id='word_1_31' title='bbox 204 736 325 795; x_wconf 84' lang='lat' dir='ltr'><strong>Etenim</strong></span> <span class='ocrx_word' id='word_1_32' title='bbox 347 737 428 813; x_wconf 87' lang='lat' dir='ltr'><strong>quod</strong></span> <span class='ocrx_word' id='word_1_33' title='bbox 449 734 615 818; x_wconf 89' lang='lat' dir='ltr'><strong>Dionysius</strong></span> <span class='ocrx_word' id='word_1_34' title='bbox 630 737 909 798; x_wconf 88' lang='lat' dir='ltr'><strong>Halicarnassensis</strong></span> <span class='ocrx_word' id='word_1_35' title='bbox 931 724 1022 801; x_wconf 54' lang='lat' dir='ltr'><strong>AssR.</strong></span> <span class='ocrx_word' id='word_1_36' title='bbox 1045 738 1070 811; x_wconf 86' lang='lat'><strong>1,</strong></span> <span class='ocrx_word' id='word_1_37' title='bbox 1095 738 1132 796; x_wconf 75' lang='lat'><strong>12</strong></span> <span class='ocrx_word' id='word_1_38' title='bbox 1156 741 1345 814; x_wconf 87' lang='lat' dir='ltr'><strong>profitentem</strong></span> <span class='ocrx_word' id='word_1_39' title='bbox 1360 758 1434 800; x_wconf 89' lang='lat' dir='ltr'><strong>eum</strong></span> 
     </span>
     <span class='ocr_line' id='line_1_6' title="bbox 201 835 1434 921; baseline 0.004 -26"><span class='ocrx_word' id='word_1_40' title='bbox 201 836 275 895; x_wconf 86' lang='lat' dir='ltr'><strong>facit</strong></span> <span class='ocrx_word' id='word_1_41' title='bbox 295 855 329 896; x_wconf 89' lang='lat' dir='ltr'><strong>se</strong></span> <span class='ocrx_word' id='word_1_42' title='bbox 358 835 525 898; x_wconf 87' lang='lat' dir='ltr'><strong>certissime</strong></span> <span class='ocrx_word' id='word_1_43' title='bbox 555 836 651 897; x_wconf 93' lang='lat' dir='ltr'><strong>solum</strong></span> <span class='ocrx_word' id='word_1_44' title='bbox 678 845 849 896; x_wconf 84' lang='lat' dir='ltr'><strong>eveterum</strong></span> <span class='ocrx_word' id='word_1_45' title='bbox 878 841 1077 900; x_wconf 77' lang='lat' dir='ltr'><strong>monumentis</strong></span> <span class='ocrx_word' id='word_1_46' title='bbox 1103 840 1222 921; x_wconf 86' lang='lat' dir='ltr'><strong>tideque</strong></span> <span class='ocrx_word' id='word_1_47' title='bbox 1249 840 1434 919; x_wconf 85' lang='lat' dir='ltr'><strong>dignissima</strong></span> 
     </span>
     <span class='ocr_line' id='line_1_7' title="bbox 203 937 1435 1019; baseline 0.004 -24"><span class='ocrx_word' id='word_1_48' title='bbox 203 938 322 996; x_wconf 82' lang='lat' dir='ltr'>tradere</span> <span class='ocrx_word' id='word_1_49' title='bbox 344 938 439 1012; x_wconf 86' lang='lat' dir='ltr'><strong>velle,</strong></span> <span class='ocrx_word' id='word_1_50' title='bbox 470 957 506 997; x_wconf 91' lang='lat' dir='ltr'><strong>eo</strong></span> <span class='ocrx_word' id='word_1_51' title='bbox 528 937 596 1015; x_wconf 90' lang='lat' dir='ltr'><strong>ipso</strong></span> <span class='ocrx_word' id='word_1_52' title='bbox 618 958 681 1000; x_wconf 88' lang='lat' dir='ltr'><strong>nou</strong></span> <span class='ocrx_word' id='word_1_53' title='bbox 707 940 794 998; x_wconf 86' lang='lat' dir='ltr'><strong>detur</strong></span> <span class='ocrx_word' id='word_1_54' title='bbox 822 939 966 1018; x_wconf 79' lang='lat' dir='ltr'>colligere</span> <span class='ocrx_word' id='word_1_55' title='bbox 987 941 1192 1019; x_wconf 83' lang='lat' dir='ltr'><strong>Thucydidem</strong></span> <span class='ocrx_word' id='word_1_56' title='bbox 1220 941 1251 998; x_wconf 88' lang='lat' dir='ltr'><strong>el</strong></span> <span class='ocrx_word' id='word_1_57' title='bbox 1276 942 1435 1000; x_wconf 80' lang='lat' dir='ltr'><strong>confidere</strong></span> 
     </span>
     <span class='ocr_line' id='line_1_8' title="bbox 207 1036 1434 1120; baseline 0.005 -26"><span class='ocrx_word' id='word_1_58' title='bbox 207 1036 356 1112; x_wconf 82' lang='lat' dir='ltr'><strong>debuisse,</strong></span> <span class='ocrx_word' id='word_1_59' title='bbox 373 1059 439 1098; x_wconf 92' lang='lat' dir='ltr'><strong>cum</strong></span> <span class='ocrx_word' id='word_1_60' title='bbox 453 1058 492 1097; x_wconf 91' lang='lat' dir='ltr'><strong>ne</strong></span> <span class='ocrx_word' id='word_1_61' title='bbox 508 1037 680 1115; x_wconf 88' lang='lat' dir='ltr'><strong>conjectura</strong></span> <span class='ocrx_word' id='word_1_62' title='bbox 694 1039 813 1118; x_wconf 91' lang='lat' dir='ltr'><strong>quidem</strong></span> <span class='ocrx_word' id='word_1_63' title='bbox 828 1042 1016 1102; x_wconf 85' lang='lat' dir='ltr'><strong>statuendum</strong></span> <span class='ocrx_word' id='word_1_64' title='bbox 1031 1042 1080 1115; x_wconf 90' lang='lat' dir='ltr'><strong>sit,</strong></span> <span class='ocrx_word' id='word_1_65' title='bbox 1095 1061 1172 1120; x_wconf 90' lang='lat' dir='ltr'><strong>quae</strong></span> <span class='ocrx_word' id='word_1_66' title='bbox 1186 1042 1238 1102; x_wconf 92' lang='lat' dir='ltr'><strong>iiie</strong></span> <span class='ocrx_word' id='word_1_67' title='bbox 1250 1041 1434 1113; x_wconf 83' lang='lat' dir='ltr'><strong>certissima,</strong></span> 
     </span>
     <span class='ocr_line' id='line_1_9' title="bbox 205 1139 1435 1219; baseline 0.003 -23"><span class='ocrx_word' id='word_1_68' title='bbox 205 1158 281 1215; x_wconf 87' lang='lat' dir='ltr'><strong>quae</strong></span> <span class='ocrx_word' id='word_1_69' title='bbox 303 1161 364 1199; x_wconf 93' lang='lat' dir='ltr'><strong>nou</strong></span> <span class='ocrx_word' id='word_1_70' title='bbox 385 1139 530 1200; x_wconf 80' lang='lat' dir='ltr'><strong>habuerit.</strong></span> <span class='ocrx_word' id='word_1_71' title='bbox 573 1140 640 1202; x_wconf 88' lang='lat' dir='ltr'><strong>Nec</strong></span> <span class='ocrx_word' id='word_1_72' title='bbox 662 1158 739 1219; x_wconf 88' lang='lat' dir='ltr'><strong>quae</strong></span> <span class='ocrx_word' id='word_1_73' title='bbox 762 1141 834 1200; x_wconf 91' lang='lat' dir='ltr'><strong>dicit</strong></span> <span class='ocrx_word' id='word_1_74' title='bbox 852 1143 1021 1202; x_wconf 80' lang='lat' dir='ltr'><strong>Antiochus</strong></span> <span class='ocrx_word' id='word_1_75' title='bbox 1044 1144 1081 1203; x_wconf 89' lang='lat' dir='ltr'><strong>de</strong></span> <span class='ocrx_word' id='word_1_76' title='bbox 1103 1143 1198 1204; x_wconf 86' lang='lat' dir='ltr'><strong>servis</strong></span> <span class='ocrx_word' id='word_1_77' title='bbox 1219 1142 1281 1202; x_wconf 90' lang='lat' dir='ltr'><strong>illis</strong></span> <span class='ocrx_word' id='word_1_78' title='bbox 1302 1141 1354 1219; x_wconf 89' lang='lat' dir='ltr'><strong>qui</strong></span> <span class='ocrx_word' id='word_1_79' title='bbox 1374 1161 1435 1200; x_wconf 84' lang='lat' dir='ltr'><strong>vo-</strong></span> 
     </span>
     <span class='ocr_line' id='line_1_10' title="bbox 206 1224 1437 1320; baseline 0.002 -21"><span class='ocrx_word' id='word_1_80' title='bbox 206 1249 311 1300; x_wconf 89' lang='lat' dir='ltr'><strong>cantur</strong></span> <span class='ocrx_word' id='word_1_81' title='bbox 331 1239 497 1314; x_wconf 74' lang='lat' dir='ltr'><strong>Helotes*,</strong></span> <span class='ocrx_word' id='word_1_82' title='bbox 519 1224 690 1300; x_wconf 85' lang='lat' dir='ltr'><strong>Woelfflino</strong></span> <span class='ocrx_word' id='word_1_83' title='bbox 714 1250 783 1302; x_wconf 88' lang='lat' dir='ltr'><strong>sunt</strong></span> <span class='ocrx_word' id='word_1_84' title='bbox 804 1243 932 1302; x_wconf 80' lang='lat' dir='ltr'><strong>utilitati.</strong></span> <span class='ocrx_word' id='word_1_85' title='bbox 977 1245 1077 1320; x_wconf 76' lang='lat' dir='ltr'><strong>Quid?</strong></span> <span class='ocrx_word' id='word_1_86' title='bbox 1108 1245 1218 1305; x_wconf 88' lang='lat' dir='ltr'><strong>Nonne</strong></span> <span class='ocrx_word' id='word_1_87' title='bbox 1239 1243 1305 1320; x_wconf 89' lang='lat' dir='ltr'><strong>ipse</strong></span> <span class='ocrx_word' id='word_1_88' title='bbox 1330 1242 1437 1301; x_wconf 86' lang='lat' dir='ltr'><strong>Hero·</strong></span> 
     </span>
     <span class='ocr_line' id='line_1_11' title="bbox 207 1334 1436 1425; baseline 0 -25"><span class='ocrx_word' id='word_1_89' title='bbox 207 1343 296 1402; x_wconf 88' lang='lat' dir='ltr'><strong>dotus</strong></span> <span class='ocrx_word' id='word_1_90' title='bbox 318 1343 411 1401; x_wconf 87' lang='lat' dir='ltr'><strong>multa</strong></span> <span class='ocrx_word' id='word_1_91' title='bbox 432 1341 555 1404; x_wconf 74' lang='lat' dir='ltr'><strong>tradidit</strong></span> <span class='ocrx_word' id='word_1_92' title='bbox 576 1334 783 1405; x_wconf 77' lang='lat' dir='ltr'><strong>incredibilia?</strong></span> <span class='ocrx_word' id='word_1_93' title='bbox 816 1343 875 1423; x_wconf 80' lang='lat' dir='ltr'><strong>Qui</strong></span> <span class='ocrx_word' id='word_1_94' title='bbox 897 1346 1016 1422; x_wconf 86' lang='lat' dir='ltr'><strong>quidem</strong></span> <span class='ocrx_word' id='word_1_95' title='bbox 1045 1347 1212 1409; x_wconf 85' lang='lat' dir='ltr'><strong>certissima</strong></span> <span class='ocrx_word' id='word_1_96' title='bbox 1237 1352 1351 1407; x_wconf 75' lang='lat' dir='ltr'><strong>unum</strong></span> <span class='ocrx_word' id='word_1_97' title='bbox 1373 1363 1436 1425; x_wconf 87' lang='lat' dir='ltr'><strong>pro</strong></span> 
     </span>
     <span class='ocr_line' id='line_1_12' title="bbox 205 1443 1437 1523; baseline 0.001 -21"><span class='ocrx_word' id='word_1_98' title='bbox 205 1444 270 1502; x_wconf 80' lang='lat' dir='ltr'><strong>veri</strong></span> <span class='ocrx_word' id='word_1_99' title='bbox 291 1443 493 1522; x_wconf 82' lang='lat' dir='ltr'><strong>investigandi</strong></span> <span class='ocrx_word' id='word_1_100' title='bbox 516 1444 615 1505; x_wconf 83' lang='lat' dir='ltr'><strong>studio</strong></span> <span class='ocrx_word' id='word_1_101' title='bbox 647 1443 836 1504; x_wconf 83' lang='lat' dir='ltr'><strong>conscribere</strong></span> <span class='ocrx_word' id='word_1_102' title='bbox 866 1444 1021 1504; x_wconf 82' lang='lat' dir='ltr'><strong>dicebatur</strong></span> <span class='ocrx_word' id='word_1_103' title='bbox 1050 1448 1158 1523; x_wconf 87' lang='lat' dir='ltr'><strong>quique</strong></span> <span class='ocrx_word' id='word_1_104' title='bbox 1187 1448 1285 1505; x_wconf 89' lang='lat' dir='ltr'><strong>ridere</strong></span> <span class='ocrx_word' id='word_1_105' title='bbox 1306 1463 1338 1504; x_wconf 92' lang='lat' dir='ltr'><strong>se</strong></span> <span class='ocrx_word' id='word_1_106' title='bbox 1364 1444 1437 1521; x_wconf 84' lang='lat' dir='ltr'><strong>ipse</strong></span> 
     </span>
     <span class='ocr_line' id='line_1_13' title="bbox 207 1543 1437 1620; baseline -0.001 -17"><span class='ocrx_word' id='word_1_107' title='bbox 207 1545 280 1604; x_wconf 89' lang='lat' dir='ltr'><strong>dicit</strong></span> <span class='ocrx_word' id='word_1_108' title='bbox 300 1545 354 1619; x_wconf 87' lang='lat' dir='ltr'><strong>IV,</strong></span> <span class='ocrx_word' id='word_1_109' title='bbox 377 1546 417 1606; x_wconf 81' lang='lat'><strong>36</strong></span> <span class='ocrx_word' id='word_1_110' title='bbox 440 1544 590 1604; x_wconf 86' lang='lat' dir='ltr'><strong>videntem</strong></span> <span class='ocrx_word' id='word_1_111' title='bbox 611 1543 720 1603; x_wconf 87' lang='lat' dir='ltr'><strong>multos</strong></span> <span class='ocrx_word' id='word_1_112' title='bbox 743 1544 939 1620; x_wconf 81' lang='lat' dir='ltr'><strong>descripsisse</strong></span> <span class='ocrx_word' id='word_1_113' title='bbox 961 1553 1058 1604; x_wconf 79' lang='lat' dir='ltr'><strong>terrae</strong></span> <span class='ocrx_word' id='word_1_114' title='bbox 1082 1548 1221 1608; x_wconf 87' lang='lat' dir='ltr'><strong>circuitus</strong></span> <span class='ocrx_word' id='word_1_115' title='bbox 1242 1547 1355 1609; x_wconf 82' lang='lat' dir='ltr'><strong>nullum</strong></span> <span class='ocrx_word' id='word_1_116' title='bbox 1377 1547 1437 1602; x_wconf 82' lang='lat' dir='ltr'><strong>ha-</strong></span> 
     </span>
     <span class='ocr_line' id='line_1_14' title="bbox 206 1627 1440 1726; baseline 0.006 -22"><span class='ocrx_word' id='word_1_117' title='bbox 206 1649 310 1707; x_wconf 92' lang='lat' dir='ltr'><strong>bentes</strong></span> <span class='ocrx_word' id='word_1_118' title='bbox 342 1647 375 1704; x_wconf 89' lang='lat' dir='ltr'><strong>in</strong></span> <span class='ocrx_word' id='word_1_119' title='bbox 407 1627 587 1722; x_wconf 82' lang='lat' dir='ltr'><strong>exponendo</strong></span> <span class='ocrx_word' id='word_1_120' title='bbox 620 1663 748 1706; x_wconf 87' lang='lat' dir='ltr'><strong>sensum.</strong></span> <span class='ocrx_word' id='word_1_121' title='bbox 799 1648 841 1704; x_wconf 90' lang='lat' dir='ltr'><strong>At</strong></span> <span class='ocrx_word' id='word_1_122' title='bbox 871 1644 1036 1726; x_wconf 90' lang='lat' dir='ltr'><strong>Dionysius</strong></span> <span class='ocrx_word' id='word_1_123' title='bbox 1065 1648 1102 1704; x_wconf 90' lang='lat' dir='ltr'><strong>A.</strong></span> <span class='ocrx_word' id='word_1_124' title='bbox 1123 1647 1168 1718; x_wconf 91' lang='lat' dir='ltr'><strong>R,</strong></span> <span class='ocrx_word' id='word_1_125' title='bbox 1190 1646 1221 1717; x_wconf 84' lang='lat'><strong>1,</strong></span> <span class='ocrx_word' id='word_1_126' title='bbox 1246 1649 1284 1706; x_wconf 81' lang='lat'><strong>73</strong></span> <span class='ocrx_word' id='word_1_127' title='bbox 1309 1644 1440 1711; x_wconf 79' lang='grc' dir='ltr'><em>αὐτῶν</em></span> 
     </span>
     <span class='ocr_line' id='line_1_15' title="bbox 208 1742 1441 1832; baseline -0.002 -23"><span class='ocrx_word' id='word_1_128' title='bbox 208 1746 424 1830; x_wconf 74' lang='grc' dir='ltr'><strong><em>ἐπιτυχόντων</em></strong></span> <span class='ocrx_word' id='word_1_129' title='bbox 445 1748 516 1811; x_wconf 73' lang='grc' dir='ltr'><em>τινα</em></span> <span class='ocrx_word' id='word_1_130' title='bbox 539 1742 618 1810; x_wconf 74' lang='grc' dir='ltr'><strong>οὐδὲ</strong></span> <span class='ocrx_word' id='word_1_131' title='bbox 646 1752 728 1812; x_wconf 67' lang='grc' dir='ltr'><em>νέων</em></span> <span class='ocrx_word' id='word_1_132' title='bbox 751 1753 937 1832; x_wconf 75' lang='grc' dir='ltr'><em>συγγραφέα</em></span> <span class='ocrx_word' id='word_1_133' title='bbox 966 1747 1098 1824; x_wconf 87' lang='lat' dir='ltr'><strong>appellat</strong></span> <span class='ocrx_word' id='word_1_134' title='bbox 1125 1748 1313 1805; x_wconf 88' lang='lat' dir='ltr'><strong>Antiochum.</strong></span> <span class='ocrx_word' id='word_1_135' title='bbox 1364 1746 1441 1806; x_wconf 88' lang='lat' dir='ltr'><strong>Heu</strong></span> 
     </span>
     <span class='ocr_line' id='line_1_16' title="bbox 185 1844 1441 1927; baseline -0.002 -17"><span class='ocrx_word' id='word_1_136' title='bbox 185 1867 349 1927; x_wconf 73' lang='lat' dir='ltr'><strong>,magnam</strong></span> <span class='ocrx_word' id='word_1_137' title='bbox 370 1848 480 1908; x_wconf 86' lang='lat' dir='ltr'><strong>veteris</strong></span> <span class='ocrx_word' id='word_1_138' title='bbox 502 1850 634 1908; x_wconf 88' lang='lat' dir='ltr'><strong>auctoris</strong></span> <span class='ocrx_word' id='word_1_139' title='bbox 656 1847 790 1921; x_wconf 82' lang='lat' dir='ltr'><strong>laudem,</strong></span> <span class='ocrx_word' id='word_1_140' title='bbox 813 1848 923 1925; x_wconf 89' lang='lat' dir='ltr'><strong>quippe</strong></span> <span class='ocrx_word' id='word_1_141' title='bbox 949 1848 1052 1925; x_wconf 87' lang='lat' dir='ltr'><strong>quiin</strong></span> <span class='ocrx_word' id='word_1_142' title='bbox 1080 1848 1205 1908; x_wconf 87' lang='lat' dir='ltr'><strong>eundem</strong></span> <span class='ocrx_word' id='word_1_143' title='bbox 1226 1844 1441 1924; x_wconf 79' lang='lat' dir='ltr'><strong>&#39;lhucydidem</strong></span> 
     </span>
     <span class='ocr_line' id='line_1_17' title="bbox 209 1947 1441 2028; baseline -0.002 -18"><span class='ocrx_word' id='word_1_144' title='bbox 209 1958 355 2024; x_wconf 81' lang='lat' dir='ltr'><strong>nostrum,</strong></span> <span class='ocrx_word' id='word_1_145' title='bbox 377 1968 465 2028; x_wconf 86' lang='lat' dir='ltr'><strong>quem</strong></span> <span class='ocrx_word' id='word_1_146' title='bbox 487 1968 601 2011; x_wconf 87' lang='lat' dir='ltr'><strong>summo</strong></span> <span class='ocrx_word' id='word_1_147' title='bbox 619 1951 687 2024; x_wconf 83' lang='lat' dir='ltr'><strong>jure</strong></span> <span class='ocrx_word' id='word_1_148' title='bbox 709 1950 830 2009; x_wconf 91' lang='lat' dir='ltr'><strong>omnino</strong></span> <span class='ocrx_word' id='word_1_149' title='bbox 851 1949 896 2008; x_wconf 89' lang='lat' dir='ltr'><strong>ilii</strong></span> <span class='ocrx_word' id='word_1_150' title='bbox 919 1949 1069 2008; x_wconf 85' lang='lat' dir='ltr'><strong>confidere</strong></span> <span class='ocrx_word' id='word_1_151' title='bbox 1091 1949 1230 2008; x_wconf 88' lang='lat' dir='ltr'><strong>debuisse</strong></span> <span class='ocrx_word' id='word_1_152' title='bbox 1244 1947 1441 2007; x_wconf 84' lang='lat' dir='ltr'><strong>Woelfflinus</strong></span> 
     </span>
     <span class='ocr_line' id='line_1_18' title="bbox 210 2048 1439 2130; baseline -0.002 -20"><span class='ocrx_word' id='word_1_153' title='bbox 210 2052 292 2125; x_wconf 83' lang='lat' dir='ltr'><strong>dicit,</strong></span> <span class='ocrx_word' id='word_1_154' title='bbox 316 2051 501 2130; x_wconf 81' lang='lat' dir='ltr'><strong>gravissimis</strong></span> <span class='ocrx_word' id='word_1_155' title='bbox 523 2050 623 2110; x_wconf 86' lang='lat' dir='ltr'><strong>verbis</strong></span> <span class='ocrx_word' id='word_1_156' title='bbox 644 2051 820 2128; x_wconf 82' lang='lat' dir='ltr'><strong>saepissime</strong></span> <span class='ocrx_word' id='word_1_157' title='bbox 842 2051 1015 2111; x_wconf 73' lang='lat' dir='ltr'><strong>invehatur!</strong></span> <span class='ocrx_word' id='word_1_158' title='bbox 1049 2048 1110 2109; x_wconf 91' lang='lat' dir='ltr'><strong>Sed</strong></span> <span class='ocrx_word' id='word_1_159' title='bbox 1131 2057 1196 2107; x_wconf 89' lang='lat' dir='ltr'><strong>utut</strong></span> <span class='ocrx_word' id='word_1_160' title='bbox 1218 2056 1280 2121; x_wconf 83' lang='lat' dir='ltr'><strong>cst,</strong></span> <span class='ocrx_word' id='word_1_161' title='bbox 1310 2065 1350 2106; x_wconf 87' lang='lat' dir='ltr'><strong>ex</strong></span> <span class='ocrx_word' id='word_1_162' title='bbox 1372 2067 1439 2107; x_wconf 90' lang='lat' dir='ltr'><strong>uno</strong></span> 
     </span>
     <span class='ocr_line' id='line_1_19' title="bbox 210 2151 1439 2231; baseline -0.004 -19"><span class='ocrx_word' id='word_1_163' title='bbox 210 2164 309 2212; x_wconf 86' lang='lat' dir='ltr'><strong>tamen</strong></span> <span class='ocrx_word' id='word_1_164' title='bbox 330 2151 384 2212; x_wconf 91' lang='lat' dir='ltr'><strong>ilio</strong></span> <span class='ocrx_word' id='word_1_165' title='bbox 405 2151 474 2212; x_wconf 91' lang='lat' dir='ltr'><strong>loco</strong></span> <span class='ocrx_word' id='word_1_166' title='bbox 503 2170 564 2211; x_wconf 90' lang='lat' dir='ltr'><strong>non</strong></span> <span class='ocrx_word' id='word_1_167' title='bbox 587 2160 699 2212; x_wconf 84' lang='lat' dir='ltr'><strong>tentum</strong></span> <span class='ocrx_word' id='word_1_168' title='bbox 729 2152 872 2231; x_wconf 82' lang='lat' dir='ltr'><strong>colligere</strong></span> <span class='ocrx_word' id='word_1_169' title='bbox 900 2169 1078 2227; x_wconf 80' lang='lat' dir='ltr'><strong>possumus,</strong></span> <span class='ocrx_word' id='word_1_170' title='bbox 1108 2158 1249 2229; x_wconf 74' lang='lat' dir='ltr'><strong>quantum</strong></span> <span class='ocrx_word' id='word_1_171' title='bbox 1277 2167 1354 2226; x_wconf 86' lang='lat' dir='ltr'><strong>opus</strong></span> <span class='ocrx_word' id='word_1_172' title='bbox 1379 2157 1439 2222; x_wconf 86' lang='lat' dir='ltr'><strong>est,</strong></span> 
     </span>
     <span class='ocr_line' id='line_1_20' title="bbox 211 2252 1441 2331; baseline -0.006 -17"><span class='ocrx_word' id='word_1_173' title='bbox 211 2264 244 2314; x_wconf 91' lang='lat' dir='ltr'><strong>ut</strong></span> <span class='ocrx_word' id='word_1_174' title='bbox 258 2254 389 2314; x_wconf 91' lang='lat' dir='ltr'><strong>omnium</strong></span> <span class='ocrx_word' id='word_1_175' title='bbox 403 2254 536 2331; x_wconf 89' lang='lat' dir='ltr'><strong>priorum</strong></span> <span class='ocrx_word' id='word_1_176' title='bbox 552 2254 718 2318; x_wconf 83' lang='lat' dir='ltr'><strong>Antiochus</strong></span> <span class='ocrx_word' id='word_1_177' title='bbox 733 2255 878 2314; x_wconf 81' lang='lat' dir='ltr'><strong>habeatur</strong></span> <span class='ocrx_word' id='word_1_178' title='bbox 891 2253 1050 2329; x_wconf 70' lang='lat' dir='ltr'><strong>princepsr</strong></span> <span class='ocrx_word' id='word_1_179' title='bbox 1065 2252 1241 2330; x_wconf 87' lang='lat' dir='ltr'><strong>praesertim</strong></span> <span class='ocrx_word' id='word_1_180' title='bbox 1260 2268 1326 2313; x_wconf 88' lang='lat' dir='ltr'><strong>cum</strong></span> <span class='ocrx_word' id='word_1_181' title='bbox 1337 2269 1441 2327; x_wconf 86' lang='lat' dir='ltr'><strong>neque</strong></span> 
     </span>
     <span class='ocr_line' id='line_1_21' title="bbox 211 2351 1441 2433; baseline -0.004 -18"><span class='ocrx_word' id='word_1_182' title='bbox 211 2357 277 2433; x_wconf 88' lang='lat' dir='ltr'><strong>ipse</strong></span> <span class='ocrx_word' id='word_1_183' title='bbox 300 2375 319 2414; x_wconf 87' lang='lat' dir='ltr'><strong>a</strong></span> <span class='ocrx_word' id='word_1_184' title='bbox 341 2373 490 2432; x_wconf 84' lang='lat' dir='ltr'><strong>quoquam</strong></span> <span class='ocrx_word' id='word_1_185' title='bbox 513 2352 573 2412; x_wconf 83' lang='lat' dir='ltr'><strong>elio</strong></span> <span class='ocrx_word' id='word_1_186' title='bbox 596 2355 701 2413; x_wconf 90' lang='lat' dir='ltr'><strong>eedem</strong></span> <span class='ocrx_word' id='word_1_187' title='bbox 722 2355 784 2413; x_wconf 83' lang='lat' dir='ltr'><strong>iere</strong></span> <span class='ocrx_word' id='word_1_188' title='bbox 805 2354 922 2416; x_wconf 87' lang='lat' dir='ltr'><strong>ratione</strong></span> <span class='ocrx_word' id='word_1_189' title='bbox 943 2353 1097 2426; x_wconf 82' lang='lat' dir='ltr'><strong>laudetur,</strong></span> <span class='ocrx_word' id='word_1_190' title='bbox 1127 2361 1156 2411; x_wconf 92' lang='lat' dir='ltr'><strong>et</strong></span> <span class='ocrx_word' id='word_1_191' title='bbox 1178 2371 1218 2412; x_wconf 87' lang='lat' dir='ltr'><strong>ex</strong></span> <span class='ocrx_word' id='word_1_192' title='bbox 1240 2351 1346 2411; x_wconf 88' lang='lat' dir='ltr'><strong>ceteris</strong></span> <span class='ocrx_word' id='word_1_193' title='bbox 1367 2351 1441 2410; x_wconf 84' lang='lat' dir='ltr'><strong>illo-</strong></span> 
     </span>
     <span class='ocr_line' id='line_1_22' title="bbox 211 2452 1441 2533; baseline -0.003 -18"><span class='ocrx_word' id='word_1_194' title='bbox 211 2476 278 2515; x_wconf 93' lang='lat' dir='ltr'><strong>rum</strong></span> <span class='ocrx_word' id='word_1_195' title='bbox 299 2462 465 2531; x_wconf 91' lang='lat' dir='ltr'><strong>temporum</strong></span> <span class='ocrx_word' id='word_1_196' title='bbox 486 2453 637 2513; x_wconf 87' lang='lat' dir='ltr'><strong>historicis</strong></span> <span class='ocrx_word' id='word_1_197' title='bbox 659 2455 806 2530; x_wconf 87' lang='lat' dir='ltr'><strong>permulta</strong></span> <span class='ocrx_word' id='word_1_198' title='bbox 828 2461 949 2514; x_wconf 81' lang='lat' dir='ltr'><strong>exstent</strong></span> <span class='ocrx_word' id='word_1_199' title='bbox 977 2455 1161 2532; x_wconf 85' lang='lat' dir='ltr'><strong>fragmenta,</strong></span> <span class='ocrx_word' id='word_1_200' title='bbox 1191 2454 1241 2513; x_wconf 85' lang='lat' dir='ltr'><strong>vel</strong></span> <span class='ocrx_word' id='word_1_201' title='bbox 1261 2455 1329 2533; x_wconf 89' lang='lat' dir='ltr'><strong>ipsa</strong></span> <span class='ocrx_word' id='word_1_202' title='bbox 1350 2452 1441 2530; x_wconf 88' lang='lat' dir='ltr'><strong>plura</strong></span> 
     </span>
     <span class='ocr_line' id='line_1_23' title="bbox 213 2553 1443 2635; baseline -0.003 -21"><span class='ocrx_word' id='word_1_203' title='bbox 213 2575 302 2635; x_wconf 86' lang='lat' dir='ltr'><strong>quem</strong></span> <span class='ocrx_word' id='word_1_204' title='bbox 332 2573 372 2614; x_wconf 84' lang='lat' dir='ltr'><strong>ex</strong></span> <span class='ocrx_word' id='word_1_205' title='bbox 391 2553 534 2615; x_wconf 90' lang='lat' dir='ltr'><strong>Antiochi</strong></span> <span class='ocrx_word' id='word_1_206' title='bbox 559 2554 703 2617; x_wconf 85' lang='lat' dir='ltr'><strong>historiis.</strong></span> <span class='ocrx_word' id='word_1_207' title='bbox 747 2554 847 2630; x_wconf 77' lang='lat' dir='ltr'><strong>Quare</strong></span> <span class='ocrx_word' id='word_1_208' title='bbox 870 2557 907 2615; x_wconf 89' lang='lat' dir='ltr'><strong>ab</strong></span> <span class='ocrx_word' id='word_1_209' title='bbox 930 2556 1066 2618; x_wconf 85' lang='lat' dir='ltr'><strong>omnibus</strong></span> <span class='ocrx_word' id='word_1_210' title='bbox 1089 2563 1168 2615; x_wconf 88' lang='lat' dir='ltr'><strong>certe</strong></span> <span class='ocrx_word' id='word_1_211' title='bbox 1189 2572 1245 2632; x_wconf 90' lang='lat' dir='ltr'><strong>par</strong></span> <span class='ocrx_word' id='word_1_212' title='bbox 1273 2553 1443 2617; x_wconf 84' lang='lat' dir='ltr'><strong>habebatur</strong></span> 
     </span>
     <span class='ocr_line' id='line_1_24' title="bbox 215 2657 331 2717; baseline -0.017 -1"><span class='ocrx_word' id='word_1_213' title='bbox 215 2657 331 2717; x_wconf 89' lang='lat' dir='ltr'><strong>ceteris.</strong></span> 
     </span>
    </p>

    <p class='ocr_par' dir='ltr' id='par_1_3' title="bbox 214 2746 1443 2947">
     <span class='ocr_line' id='line_1_25' title="bbox 298 2746 1441 2838; baseline -0.002 -18"><span class='ocrx_word' id='word_1_214' title='bbox 298 2756 403 2836; x_wconf 86' lang='lat' dir='ltr'><strong>Magni</strong></span> <span class='ocrx_word' id='word_1_215' title='bbox 417 2756 558 2817; x_wconf 89' lang='lat' dir='ltr'><strong>momenti</strong></span> <span class='ocrx_word' id='word_1_216' title='bbox 574 2758 664 2817; x_wconf 86' lang='lat' dir='ltr'><strong>etiem</strong></span> <span class='ocrx_word' id='word_1_217' title='bbox 677 2746 866 2820; x_wconf 84' lang='lat' dir='ltr'><strong>Woelfflinus</strong></span> <span class='ocrx_word' id='word_1_218' title='bbox 880 2762 942 2838; x_wconf 81' lang='lat' dir='ltr'><strong>pii</strong></span> <span class='ocrx_word' id='word_1_219' title='bbox 960 2760 1054 2820; x_wconf 91' lang='lat' dir='ltr'><strong>credit</strong></span> <span class='ocrx_word' id='word_1_220' title='bbox 1075 2777 1152 2831; x_wconf 83' lang='lat' dir='ltr'><strong>esse,</strong></span> <span class='ocrx_word' id='word_1_221' title='bbox 1176 2760 1257 2837; x_wconf 89' lang='lat' dir='ltr'><strong>quod</strong></span> <span class='ocrx_word' id='word_1_222' title='bbox 1271 2758 1441 2818; x_wconf 86' lang='lat' dir='ltr'><strong>Antiochus</strong></span> 
     </span>
     <span class='ocr_line' id='line_1_26' title="bbox 214 2859 1443 2947; baseline -0.001 -25"><span class='ocrx_word' id='word_1_223' title='bbox 214 2881 277 2922; x_wconf 90' lang='lat' dir='ltr'><strong>uon</strong></span> <span class='ocrx_word' id='word_1_224' title='bbox 305 2859 365 2920; x_wconf 91' lang='lat' dir='ltr'><strong>nisi</strong></span> <span class='ocrx_word' id='word_1_225' title='bbox 387 2861 587 2943; x_wconf 73' lang='grc' dir='ltr'><em>συγγραφενς</em></span> <span class='ocrx_word' id='word_1_226' title='bbox 616 2862 739 2941; x_wconf 87' lang='lat' dir='ltr'><strong>ejusque</strong></span> <span class='ocrx_word' id='word_1_227' title='bbox 768 2881 845 2940; x_wconf 88' lang='lat' dir='ltr'><strong>opus</strong></span> <span class='ocrx_word' id='word_1_228' title='bbox 874 2863 1066 2945; x_wconf 71' lang='grc' dir='ltr'><em>,σύγγραμμα</em></span> <span class='ocrx_word' id='word_1_229' title='bbox 1095 2862 1159 2921; x_wconf 79' lang='lat' dir='ltr'><strong>sive</strong></span> <span class='ocrx_word' id='word_1_230' title='bbox 1187 2861 1356 2947; x_wconf 75' lang='grc' dir='ltr'><em>συγγραφὴ</em></span> <span class='ocrx_word' id='word_1_231' title='bbox 1387 2878 1443 2935; x_wconf 82' lang='lat' dir='ltr'><strong>ap·</strong></span> 
     </span>
    </p>

    <p class='ocr_par' dir='ltr' id='par_1_4' title="bbox 154 2960 1444 3046">
     <span class='ocr_line' id='line_1_27' title="bbox 154 2960 1444 3046; baseline 0.001 -27"><span class='ocrx_word' id='word_1_232' title='bbox 154 3011 159 3018; x_wconf 90' lang='lat'><em>.</em></span> <span class='ocrx_word' id='word_1_233' title='bbox 216 2962 351 3039; x_wconf 89' lang='lat' dir='ltr'><strong>pelletur.</strong></span> <span class='ocrx_word' id='word_1_234' title='bbox 396 2960 583 3042; x_wconf 81' lang='lat' dir='ltr'><strong>Quamquam</strong></span> <span class='ocrx_word' id='word_1_235' title='bbox 605 2963 721 3023; x_wconf 90' lang='lat' dir='ltr'><strong>cunctis</strong></span> <span class='ocrx_word' id='word_1_236' title='bbox 742 2965 805 3022; x_wconf 88' lang='lat' dir='ltr'><strong>iere</strong></span> <span class='ocrx_word' id='word_1_237' title='bbox 825 2963 1006 3046; x_wconf 80' lang='lat' dir='ltr'><strong>mythologie</strong></span> <span class='ocrx_word' id='word_1_238' title='bbox 1029 2963 1108 3022; x_wconf 89' lang='lat' dir='ltr'><strong>idem</strong></span> <span class='ocrx_word' id='word_1_239' title='bbox 1130 2964 1168 3024; x_wconf 86' lang='lat' dir='ltr'><strong>sb</strong></span> <span class='ocrx_word' id='word_1_240' title='bbox 1190 2962 1341 3023; x_wconf 89' lang='lat' dir='ltr'><strong>historicis</strong></span> <span class='ocrx_word' id='word_1_241' title='bbox 1363 2961 1444 3020; x_wconf 90' lang='lat' dir='ltr'><strong>locis</strong></span> 
     </span>
    </p>

    <p class='ocr_par' dir='ltr' id='par_1_5' title="bbox 200 3063 1446 3559">
     <span class='ocr_line' id='line_1_28' title="bbox 216 3063 1444 3146; baseline 0.002 -26"><span class='ocrx_word' id='word_1_242' title='bbox 216 3063 371 3139; x_wconf 89' lang='lat' dir='ltr'><strong>permultis</strong></span> <span class='ocrx_word' id='word_1_243' title='bbox 394 3063 589 3138; x_wconf 80' lang='lat' dir='ltr'><strong>adscribitur,</strong></span> <span class='ocrx_word' id='word_1_244' title='bbox 619 3082 697 3142; x_wconf 87' lang='lat' dir='ltr'><strong>quae</strong></span> <span class='ocrx_word' id='word_1_245' title='bbox 719 3064 839 3142; x_wconf 90' lang='lat' dir='ltr'><strong>quidem</strong></span> <span class='ocrx_word' id='word_1_246' title='bbox 860 3065 961 3124; x_wconf 89' lang='lat' dir='ltr'><strong>omnia</strong></span> <span class='ocrx_word' id='word_1_247' title='bbox 990 3064 1095 3123; x_wconf 84' lang='lat' dir='ltr'><strong>afferre</strong></span> <span class='ocrx_word' id='word_1_248' title='bbox 1124 3064 1247 3146; x_wconf 87' lang='lat' dir='ltr'><strong>longum</strong></span> <span class='ocrx_word' id='word_1_249' title='bbox 1276 3068 1330 3122; x_wconf 83' lang='lat' dir='ltr'><strong>est</strong></span> <span class='ocrx_word' id='word_1_250' title='bbox 1373 3063 1444 3122; x_wconf 89' lang='lat' dir='ltr'><strong>Nec</strong></span> 
     </span>
     <span class='ocr_line' id='line_1_29' title="bbox 217 3162 1446 3249; baseline -0.002 -22"><span class='ocrx_word' id='word_1_251' title='bbox 217 3166 314 3226; x_wconf 88' lang='lat' dir='ltr'><strong>minus</strong></span> <span class='ocrx_word' id='word_1_252' title='bbox 346 3165 412 3242; x_wconf 90' lang='lat' dir='ltr'><strong>ipse</strong></span> <span class='ocrx_word' id='word_1_253' title='bbox 440 3162 606 3241; x_wconf 90' lang='lat' dir='ltr'><strong>Dionysius</strong></span> <span class='ocrx_word' id='word_1_254' title='bbox 635 3166 825 3226; x_wconf 86' lang='lat' dir='ltr'><strong>Hellanicum</strong></span> <span class='ocrx_word' id='word_1_255' title='bbox 855 3186 974 3249; x_wconf 88' lang='lat' dir='ltr'><strong>quoque</strong></span> <span class='ocrx_word' id='word_1_256' title='bbox 1002 3166 1054 3224; x_wconf 92' lang='lat' dir='ltr'><strong>illo</strong></span> <span class='ocrx_word' id='word_1_257' title='bbox 1086 3165 1263 3242; x_wconf 85' lang='lat' dir='ltr'><strong>cognomine</strong></span> <span class='ocrx_word' id='word_1_258' title='bbox 1293 3164 1446 3242; x_wconf 85' lang='lat' dir='ltr'><strong>significat</strong></span> 
     </span>
     <span class='ocr_line' id='line_1_30' title="bbox 200 3260 1443 3347; baseline 0 -21"><span class='ocrx_word' id='word_1_259' title='bbox 200 3293 201 3296; x_wconf 39' lang='lat'>¹</span> <span class='ocrx_word' id='word_1_260' title='bbox 218 3269 257 3329; x_wconf 86' lang='lat' dir='ltr'><strong>A.</strong></span> <span class='ocrx_word' id='word_1_261' title='bbox 273 3267 310 3328; x_wconf 89' lang='lat' dir='ltr'><strong>R.</strong></span> <span class='ocrx_word' id='word_1_262' title='bbox 326 3266 357 3336; x_wconf 89' lang='lat' dir='ltr'><strong>l,</strong></span> <span class='ocrx_word' id='word_1_263' title='bbox 381 3265 433 3327; x_wconf 84' lang='lat'><strong>48.</strong></span> <span class='ocrx_word' id='word_1_264' title='bbox 471 3266 600 3325; x_wconf 87' lang='lat' dir='ltr'><strong>Accedit</strong></span> <span class='ocrx_word' id='word_1_265' title='bbox 614 3268 695 3343; x_wconf 91' lang='lat' dir='ltr'><strong>quod</strong></span> <span class='ocrx_word' id='word_1_266' title='bbox 711 3275 741 3327; x_wconf 91' lang='lat' dir='ltr'><strong>et</strong></span> <span class='ocrx_word' id='word_1_267' title='bbox 755 3265 865 3328; x_wconf 84' lang='lat' dir='ltr'><strong>Suidas</strong></span> <span class='ocrx_word' id='word_1_268' title='bbox 886 3267 938 3326; x_wconf 93' lang='lat' dir='ltr'><strong>ille</strong></span> <span class='ocrx_word' id='word_1_269' title='bbox 949 3260 1126 3328; x_wconf 73' lang='grc' dir='ltr'><em>Ἑκαταῖον</em></span> <span class='ocrx_word' id='word_1_270' title='bbox 1147 3265 1278 3346; x_wconf 74' lang='grc' dir='ltr'><em>πρῶτον</em></span> <span class='ocrx_word' id='word_1_271' title='bbox 1292 3261 1443 3347; x_wconf 72' lang='grc' dir='ltr'><em>ἱστορίαν</em></span> 
     </span>
     <span class='ocr_line' id='line_1_31' title="bbox 217 3365 1443 3456; baseline -0.007 -25"><span class='ocrx_word' id='word_1_272' title='bbox 217 3367 325 3448; x_wconf 68' lang='grc' dir='ltr'><em>πεζοῖς</em></span> <span class='ocrx_word' id='word_1_273' title='bbox 346 3365 558 3448; x_wconf 56' lang='lat' dir='ltr'><strong>dissupatam,</strong></span> <span class='ocrx_word' id='word_1_274' title='bbox 586 3370 772 3456; x_wconf 71' lang='grc' dir='ltr'><em>συγγραφὴν</em></span> <span class='ocrx_word' id='word_1_275' title='bbox 794 3368 832 3431; x_wconf 78' lang='grc' dir='ltr'><strong>δὲ</strong></span> <span class='ocrx_word' id='word_1_276' title='bbox 856 3368 1039 3451; x_wconf 76' lang='grc' dir='ltr'><em>Φερεκύδην</em></span> <span class='ocrx_word' id='word_1_277' title='bbox 1060 3367 1231 3439; x_wconf 72' lang='lat' dir='ltr'><strong>tradidit**‚</strong></span> <span class='ocrx_word' id='word_1_278' title='bbox 1254 3374 1284 3425; x_wconf 90' lang='lat' dir='ltr'><strong>et</strong></span> <span class='ocrx_word' id='word_1_279' title='bbox 1302 3366 1443 3442; x_wconf 89' lang='lat' dir='ltr'><strong>Porphy-</strong></span> 
     </span>
     <span class='ocr_line' id='line_1_32' title="bbox 219 3462 1191 3559; baseline -0.001 -31"><span class='ocrx_word' id='word_1_280' title='bbox 219 3472 281 3528; x_wconf 91' lang='lat' dir='ltr'><strong>rius</strong></span> <span class='ocrx_word' id='word_1_281' title='bbox 304 3468 407 3536; x_wconf 73' lang='grc' dir='ltr'><em>μόνον</em></span> <span class='ocrx_word' id='word_1_282' title='bbox 428 3462 549 3556; x_wconf 75' lang='grc' dir='ltr'><em>ἡγεῖται</em></span> <span class='ocrx_word' id='word_1_283' title='bbox 570 3465 712 3553; x_wconf 69' lang='grc' dir='ltr'><em>ἀρχηγὸν</em></span> <span class='ocrx_word' id='word_1_284' title='bbox 735 3470 920 3559; x_wconf 75' lang='grc' dir='ltr'><em>συγγραφῆς</em></span> <span class='ocrx_word' id='word_1_285' title='bbox 944 3467 1191 3551; x_wconf 51' lang='grc' dir='ltr'><em>Φερεκύδηνω.</em></span> 
     </span>
    </p>

    <p class='ocr_par' dir='ltr' id='par_1_6' title="bbox 221 3568 1449 4056">
     <span class='ocr_line' id='line_1_33' title="bbox 305 3568 1447 3652; baseline -0.002 -23"><span class='ocrx_word' id='word_1_286' title='bbox 305 3569 389 3646; x_wconf 86' lang='lat' dir='ltr'><strong>Ergo</strong></span> <span class='ocrx_word' id='word_1_287' title='bbox 414 3586 480 3628; x_wconf 89' lang='lat' dir='ltr'><strong>cum</strong></span> <span class='ocrx_word' id='word_1_288' title='bbox 507 3587 545 3630; x_wconf 90' lang='lat' dir='ltr'><strong>ue</strong></span> <span class='ocrx_word' id='word_1_289' title='bbox 572 3568 603 3630; x_wconf 92' lang='lat' dir='ltr'><strong>id</strong></span> <span class='ocrx_word' id='word_1_290' title='bbox 634 3569 753 3652; x_wconf 88' lang='lat' dir='ltr'><strong>quidem</strong></span> <span class='ocrx_word' id='word_1_291' title='bbox 780 3590 837 3648; x_wconf 90' lang='lat' dir='ltr'><strong>pro</strong></span> <span class='ocrx_word' id='word_1_292' title='bbox 867 3578 948 3632; x_wconf 87' lang='lat' dir='ltr'><strong>certo</strong></span> <span class='ocrx_word' id='word_1_293' title='bbox 977 3570 1149 3647; x_wconf 91' lang='lat' dir='ltr'><strong>ponendum</strong></span> <span class='ocrx_word' id='word_1_294' title='bbox 1177 3568 1233 3640; x_wconf 92' lang='lat' dir='ltr'><strong>sit,</strong></span> <span class='ocrx_word' id='word_1_295' title='bbox 1261 3568 1447 3627; x_wconf 88' lang='lat' dir='ltr'><strong>Antiochum</strong></span> 
     </span>
     <span class='ocr_line' id='line_1_34' title="bbox 221 3669 1448 3750; baseline -0.001 -20"><span class='ocrx_word' id='word_1_296' title='bbox 221 3671 314 3730; x_wconf 90' lang='lat' dir='ltr'><strong>fuisse</strong></span> <span class='ocrx_word' id='word_1_297' title='bbox 336 3669 529 3730; x_wconf 90' lang='lat' dir='ltr'><strong>omnimodo</strong></span> <span class='ocrx_word' id='word_1_298' title='bbox 552 3671 759 3750; x_wconf 89' lang='lat' dir='ltr'><strong>dignissimum</strong></span> <span class='ocrx_word' id='word_1_299' title='bbox 781 3672 912 3731; x_wconf 89' lang='lat' dir='ltr'><strong>omnium</strong></span> <span class='ocrx_word' id='word_1_300' title='bbox 932 3671 1082 3748; x_wconf 80' lang='lat' dir='ltr'><strong>priorum,</strong></span> <span class='ocrx_word' id='word_1_301' title='bbox 1112 3669 1195 3730; x_wconf 89' lang='lat' dir='ltr'><strong>nullo</strong></span> <span class='ocrx_word' id='word_1_302' title='bbox 1212 3671 1281 3745; x_wconf 86' lang='lat' dir='ltr'><strong>jure</strong></span> <span class='ocrx_word' id='word_1_303' title='bbox 1303 3671 1448 3729; x_wconf 88' lang='lat' dir='ltr'><strong>contendi</strong></span> 
     </span>
     <span class='ocr_line' id='line_1_35' title="bbox 222 3770 1448 3849; baseline 0.001 -18"><span class='ocrx_word' id='word_1_304' title='bbox 222 3790 313 3849; x_wconf 89' lang='lat' dir='ltr'><strong>posse</strong></span> <span class='ocrx_word' id='word_1_305' title='bbox 337 3773 427 3831; x_wconf 90' lang='lat' dir='ltr'><strong>credo</strong></span> <span class='ocrx_word' id='word_1_306' title='bbox 450 3790 469 3830; x_wconf 92' lang='lat' dir='ltr'><strong>a</strong></span> <span class='ocrx_word' id='word_1_307' title='bbox 490 3771 668 3849; x_wconf 87' lang='lat' dir='ltr'><strong>Thucydide</strong></span> <span class='ocrx_word' id='word_1_308' title='bbox 691 3791 758 3830; x_wconf 89' lang='lat' dir='ltr'><strong>eum</strong></span> <span class='ocrx_word' id='word_1_309' title='bbox 779 3774 845 3832; x_wconf 86' lang='lat' dir='ltr'><strong>sine</strong></span> <span class='ocrx_word' id='word_1_310' title='bbox 859 3772 932 3831; x_wconf 89' lang='lat' dir='ltr'><strong>vitio</strong></span> <span class='ocrx_word' id='word_1_311' title='bbox 953 3792 1014 3832; x_wconf 89' lang='lat' dir='ltr'><strong>non</strong></span> <span class='ocrx_word' id='word_1_312' title='bbox 1029 3771 1120 3830; x_wconf 87' lang='lat' dir='ltr'><strong>fuisse</strong></span> <span class='ocrx_word' id='word_1_313' title='bbox 1142 3770 1448 3849; x_wconf 82' lang='lat' dir='ltr'><strong>praetermittendum.</strong></span> 
     </span>
     <span class='ocr_line' id='line_1_36' title="bbox 223 3871 1449 3951; baseline -0.005 -16"><span class='ocrx_word' id='word_1_314' title='bbox 223 3873 293 3935; x_wconf 87' lang='lat' dir='ltr'><strong>Allo</strong></span> <span class='ocrx_word' id='word_1_315' title='bbox 316 3881 423 3932; x_wconf 83' lang='lat' dir='ltr'><strong>contre</strong></span> <span class='ocrx_word' id='word_1_316' title='bbox 443 3873 533 3932; x_wconf 89' lang='lat' dir='ltr'><strong>modo</strong></span> <span class='ocrx_word' id='word_1_317' title='bbox 556 3881 638 3932; x_wconf 88' lang='lat' dir='ltr'><strong>certe</strong></span> <span class='ocrx_word' id='word_1_318' title='bbox 658 3874 764 3934; x_wconf 88' lang='lat' dir='ltr'><strong>melius</strong></span> <span class='ocrx_word' id='word_1_319' title='bbox 786 3874 845 3935; x_wconf 87' lang='lat' dir='ltr'><strong>dici</strong></span> <span class='ocrx_word' id='word_1_320' title='bbox 865 3880 984 3950; x_wconf 88' lang='lat' dir='ltr'><strong>poterat</strong></span> <span class='ocrx_word' id='word_1_321' title='bbox 998 3871 1203 3951; x_wconf 84' lang='lat' dir='ltr'><strong>&#39;lhucydidem</strong></span> <span class='ocrx_word' id='word_1_322' title='bbox 1226 3891 1261 3930; x_wconf 90' lang='lat' dir='ltr'><strong>eo</strong></span> <span class='ocrx_word' id='word_1_323' title='bbox 1277 3889 1362 3932; x_wconf 90' lang='lat' dir='ltr'><strong>usum</strong></span> <span class='ocrx_word' id='word_1_324' title='bbox 1383 3891 1449 3936; x_wconf 86' lang='lat' dir='ltr'><strong>nou</strong></span> 
     </span>
     <span class='ocr_line' id='line_1_37' title="bbox 225 3971 1448 4056; baseline -0.001 -22"><span class='ocrx_word' id='word_1_325' title='bbox 225 3993 309 4046; x_wconf 82' lang='lat' dir='ltr'><strong>esse,</strong></span> <span class='ocrx_word' id='word_1_326' title='bbox 341 3974 463 4051; x_wconf 82' lang='lat' dir='ltr'><strong>quiere</strong></span> <span class='ocrx_word' id='word_1_327' title='bbox 488 3992 561 4035; x_wconf 83' lang='lat' dir='ltr'><strong>vera</strong></span> <span class='ocrx_word' id='word_1_328' title='bbox 587 3975 720 4036; x_wconf 86' lang='lat' dir='ltr'><strong>omnium</strong></span> <span class='ocrx_word' id='word_1_329' title='bbox 747 3975 880 4056; x_wconf 85' lang='lat' dir='ltr'><strong>priorum</strong></span> <span class='ocrx_word' id='word_1_330' title='bbox 900 3975 960 4039; x_wconf 83' lang='lat' dir='ltr'><strong>fide</strong></span> <span class='ocrx_word' id='word_1_331' title='bbox 989 3972 1224 4054; x_wconf 81' lang='lat' dir='ltr'><strong>auctoritateque</strong></span> <span class='ocrx_word' id='word_1_332' title='bbox 1253 3971 1448 4054; x_wconf 83' lang='lat' dir='ltr'><strong>dignissimus</strong></span> 
     </span>
    </p>
   </div>
   <div class='ocr_carea' id='block_1_3' title="bbox 224 4123 429 4139">
    <p class='ocr_par' dir='ltr' id='par_1_7' title="bbox 224 4123 429 4139">
     <span class='ocr_line' id='line_1_38' title="bbox 224 4123 429 4139; baseline 0.024 -5"><span class='ocrx_word' id='word_1_333' title='bbox 224 4123 429 4139; x_wconf 50' lang='lat' dir='ltr'><strong>m</strong></span> 
     </span>
    </p>
   </div>
   <div class='ocr_carea' id='block_1_4' title="bbox 281 4227 1329 4478">
    <p class='ocr_par' dir='ltr' id='par_1_8' title="bbox 279 4227 1329 4478">
     <span class='ocr_line' id='line_1_39' title="bbox 312 4227 1217 4305; baseline -0.002 -19"><span class='ocrx_word' id='word_1_334' title='bbox 312 4230 341 4305; x_wconf 74' lang='lat'><strong>’)</strong></span> <span class='ocrx_word' id='word_1_335' title='bbox 364 4227 484 4304; x_wconf 82' lang='lat' dir='ltr'><strong>Fragm.</strong></span> <span class='ocrx_word' id='word_1_336' title='bbox 507 4229 648 4288; x_wconf 88' lang='lat' dir='ltr'><strong>Antiochi</strong></span> <span class='ocrx_word' id='word_1_337' title='bbox 673 4230 722 4300; x_wconf 79' lang='lat'><strong>14,</strong></span> <span class='ocrx_word' id='word_1_338' title='bbox 746 4229 825 4305; x_wconf 88' lang='lat' dir='ltr'><strong>apud</strong></span> <span class='ocrx_word' id='word_1_339' title='bbox 847 4228 882 4288; x_wconf 76' lang='lat' dir='ltr'><strong>(i.</strong></span> <span class='ocrx_word' id='word_1_340' title='bbox 904 4228 1078 4288; x_wconf 89' lang='lat' dir='ltr'><strong>Muellerum</strong></span> <span class='ocrx_word' id='word_1_341' title='bbox 1100 4247 1128 4302; x_wconf 90' lang='lat' dir='ltr'><strong>p.</strong></span> <span class='ocrx_word' id='word_1_342' title='bbox 1148 4227 1217 4286; x_wconf 81' lang='lat'>184.</span> 
     </span>
     <span class='ocr_line' id='line_1_40' title="bbox 281 4309 1329 4478; baseline -0.002 -107.004"><span class='ocrx_word' id='word_1_343' title='bbox 281 4313 343 4478; x_wconf 40' lang='lat' dir='ltr'><strong>&#39;Zp</strong></span> <span class='ocrx_word' id='word_1_344' title='bbox 365 4310 475 4371; x_wconf 87' lang='lat' dir='ltr'><strong>Suidas</strong></span> <span class='ocrx_word' id='word_1_345' title='bbox 498 4315 551 4370; x_wconf 92' lang='lat' dir='ltr'><strong>sub</strong></span> <span class='ocrx_word' id='word_1_346' title='bbox 569 4309 752 4385; x_wconf 78' lang='grc' dir='ltr'><em>Ἑκαταῖος.</em></span> <span class='ocrx_word' id='word_1_347' title='bbox 798 4312 831 4372; x_wconf 84' lang='lat' dir='ltr'><strong>C.</strong></span> <span class='ocrx_word' id='word_1_348' title='bbox 854 4313 990 4372; x_wconf 89' lang='lat' dir='ltr'><strong>Muelleri</strong></span> <span class='ocrx_word' id='word_1_349' title='bbox 1012 4313 1115 4390; x_wconf 89' lang='lat' dir='ltr'><strong>fragm.</strong></span> <span class='ocrx_word' id='word_1_350' title='bbox 1138 4333 1167 4388; x_wconf 86' lang='lat' dir='ltr'><strong>p.</strong></span> <span class='ocrx_word' id='word_1_351' title='bbox 1182 4311 1226 4372; x_wconf 88' lang='lat' dir='ltr'><strong>lX</strong></span> <span class='ocrx_word' id='word_1_352' title='bbox 1250 4319 1329 4371; x_wconf 86' lang='lat' dir='ltr'><strong>uota.</strong></span> 
     </span>
    </p>
   </div>
   <div class='ocr_carea' id='block_1_5' title="bbox 366 4389 1451 4486">
    <p class='ocr_par' dir='ltr' id='par_1_9' title="bbox 366 4389 1451 4486">
     <span class='ocr_line' id='line_1_41' title="bbox 366 4389 1451 4486; baseline -0.001 -27"><span class='ocrx_word' id='word_1_353' title='bbox 366 4395 475 4459; x_wconf 77' lang='lat' dir='ltr'><strong>Suidas</strong></span> <span class='ocrx_word' id='word_1_354' title='bbox 498 4398 553 4457; x_wconf 88' lang='lat' dir='ltr'><strong>sub</strong></span> <span class='ocrx_word' id='word_1_355' title='bbox 579 4400 690 4481; x_wconf 77' lang='grc' dir='ltr'><em>Φερεκ.</em></span> <span class='ocrx_word' id='word_1_356' title='bbox 715 4394 902 4486; x_wconf 72' lang='grc' dir='ltr'><strong>Ἀθνγαῖος.</strong></span> <span class='ocrx_word' id='word_1_357' title='bbox 941 4397 974 4457; x_wconf 86' lang='lat' dir='ltr'><strong>C.</strong></span> <span class='ocrx_word' id='word_1_358' title='bbox 990 4389 1125 4460; x_wconf 84' lang='lat' dir='ltr'><strong>illuelieri</strong></span> <span class='ocrx_word' id='word_1_359' title='bbox 1143 4397 1247 4475; x_wconf 83' lang='lat' dir='ltr'><strong>fragm.</strong></span> <span class='ocrx_word' id='word_1_360' title='bbox 1262 4416 1293 4476; x_wconf 88' lang='lat' dir='ltr'><strong>p.</strong></span> <span class='ocrx_word' id='word_1_361' title='bbox 1303 4395 1451 4459; x_wconf 81' lang='lat' dir='ltr'>XXXIV.</span> 
     </span>
    </p>
   </div>
   <div class='ocr_carea' id='block_1_6' title="bbox 0 0 1556 5056">
    <p class='ocr_par' dir='ltr' id='par_1_10' title="bbox 0 0 1556 5056">
     <span class='ocr_line' id='line_1_42' title="bbox 0 0 1556 5056; baseline 0 0"><span class='ocrx_word' id='word_1_362' title='bbox 0 0 1556 5056; x_wconf 95' lang='lat' dir='ltr'><strong> </strong></span> 
     </span>
    </p>
   </div>
  </div>
 </body>
</html>
